% !TEX root = thesis-ex.tex
% !TEX encoding = UTF-8 Unicode

@article{Aaboud:2016leb,
	author         = "{ATLAS Collaboration}",
	title          = "{Performance of the ATLAS Trigger System in 2015}",
	collaboration  = "ATLAS Collaboration",
	journal        = "Eur. Phys. J. C",
	volume         = "77",
	year           = "2017",
	number         = "5",
	pages          = "317",
	doi            = "10.1140/epjc/s10052-017-4852-3",
	eprint         = "1611.09661",
	archivePrefix  = "arXiv",
	primaryClass   = "hep-ex",
	reportNumber   = "CERN-EP-2016-241",
	SLACcitation   = "%%CITATION = ARXIV:1611.09661;%%"
}


@article{Back:2004je,
	author         = "{PHOBOS Collaboration}",
	title          = "{The PHOBOS perspective on discoveries at RHIC}",
	journal        = "Nucl. Phys. A",
	volume         = "757",
	year           = "2005",
	pages          = "28-101",
	doi            = "10.1016/j.nuclphysa.2005.03.084",
	eprint         = "nucl-ex/0410022",
	archivePrefix  = "arXiv",
	primaryClass   = "nucl-ex",
	SLACcitation   = "%%CITATION = NUCL-EX/0410022;%%"
}

@article{PhysRevC.81.034911,
	title = {Detailed measurement of the \epm\ pair continuum in $p+p$ and \AuAu\ collisions at $\sqrtsnn = 200$ GeV and implications for direct photon production},
	author = "{PHENIX Collaboration}",
	collaboration = {PHENIX Collaboration},
	journal = {Phys. Rev. C},
	volume = {81},
	number = {3},
	pages = {034911},
	numpages = {56},
	year = {2010},
	month = {Mar},
	eprint         = "0912.0244",
	archivePrefix  = "arXiv",
	primaryClass   = "nucl-ex",
	publisher = {American Physical Society},
	doi = {10.1103/PhysRevC.81.034911},
	url = {https://link.aps.org/doi/10.1103/PhysRevC.81.034911}
}


@article{Verweij:2012ch,
	author         = "{ALICE Collaboration}",
	title          = "{Measurement of jet spectra in Pb-Pb collisions at $\sqrtsnn=2.76$ TeV with the ALICE detector at the LHC}",
	journal        = "Nucl. Phys. A",
	volume         = "910-911",
	year           = "2013",
	pages          = "421-424",
	doi            = "10.1016/j.nuclphysa.2012.12.105",
	eprint         = "1208.6169",
	archivePrefix  = "arXiv",
	primaryClass   = "nucl-ex",
	SLACcitation   = "%%CITATION = ARXIV:1208.6169;%%"
}

@article{Chatrchyan2012,
	author         = "{CMS Collaboration}",
	title          = "{Study of high-\pt\ charged particle suppression in PbPb compared to $pp$ collisions at $\sqrtsnn = 2.76$ TeV}",
	collaboration  = "CMS",
	journal        = "Eur. Phys. J. C",
	volume         = "72",
	year           = "2012",
	pages          = "1945",
	doi            = "10.1140/epjc/s10052-012-1945-x",
	eprint         = "1202.2554",
	archivePrefix  = "arXiv",
	primaryClass   = "nucl-ex",
	reportNumber   = "CMS-HIN-10-005, CERN-PH-EP-2012-043",
	SLACcitation   = "%%CITATION = ARXIV:1202.2554;%%"
}

@article{201130,
author         = "{ALICE Collaboration}",
title          = "{Suppression of Charged Particle Production at Large Transverse Momentum in Central Pb-Pb Collisions at $\sqrtsnn = 2.76$ TeV}",
collaboration  = "ALICE",
journal        = "Phys. Lett. B",
volume         = "696",
year           = "2011",
pages          = "30-39",
doi            = "10.1016/j.physletb.2010.12.020",
eprint         = "1012.1004",
archivePrefix  = "arXiv",
primaryClass   = "nucl-ex",
reportNumber   = "CERN-PH-EP-ALICE-2010-004, CERN-PH-EP-2010-066",
SLACcitation   = "%%CITATION = ARXIV:1012.1004;%%"
}

@article{PhysRevC.70.061901,
	author         = "{PHOBOS Collaboration}",
	title          = "{Pseudorapidity dependence of charged hadron transverse momentum spectra in $d+\mathrm{Au}$ collisions at $\sqrtsnn=200$ GeV}",
	collaboration  = "PHOBOS",
	journal        = "Phys. Rev. C",
	volume         = "70",
	year           = "2004",
	pages          = "061901",
	doi            = "10.1103/PhysRevC.70.061901",
	eprint         = "nucl-ex/0406017",
	archivePrefix  = "arXiv",
	primaryClass   = "nucl-ex",
	SLACcitation   = "%%CITATION = NUCL-EX/0406017;%%"
}



@article{PhysRevLett.91.072301,
author         = "{PHENIX Collaboration}",
title          = "{Suppressed $\pi^{0}$ Production at Large Transverse Momentum in Central \AuAu\ Collisions at $\sqrtsnn =200$ GeV}",
collaboration  = "PHENIX",
journal        = "Phys. Rev. Lett.",
volume         = "91",
year           = "2003",
pages          = "072301",
doi            = "10.1103/PhysRevLett.91.072301",
eprint         = "nucl-ex/0304022",
archivePrefix  = "arXiv",
SLACcitation   = "%%CITATION = NUCL-EX/0304022;%%"
}


@article{PhysRevLett.91.172302,
	author         = "{STAR Collaboration}",
	title          = "{Transverse momentum and collision energy dependence of high \pt\ hadron suppression in \AuAu\ collisions at ultrarelativistic energies}",
	collaboration  = "STAR",
	journal        = "Phys. Rev. Lett.",
	volume         = "91",
	year           = "2003",
	pages          = "172302",
	doi            = "10.1103/PhysRevLett.91.172302",
	eprint         = "nucl-ex/0305015",
	archivePrefix  = "arXiv",
	primaryClass   = "nucl-ex",
	SLACcitation   = "%%CITATION = NUCL-EX/0305015;%%"
}

@Article{Khachatryan2016b,
	author="{CMS Collaboration}",
	title="Measurement of inclusive jet production and nuclear modifications in pPb collisions at $\sqrtsnn =5.02 $ TeV",
	journal="Eur. Phys. J. C",
	year="2016",
	month="Jul",
	day="04",
	volume="76",
	number="7",
	pages="372",
	issn="1434-6052",
	doi="10.1140/epjc/s10052-016-4205-7",
	eprint         = "1601.02001",
	archivePrefix  = "arXiv",
	primaryClass   = "nucl-ex",
	url="https://doi.org/10.1140/epjc/s10052-016-4205-7"
}


@Article{Adam2016,
	author="{ALICE Collaboration}",
	title="Centrality dependence of charged jet production in p--Pb collisions at $\sqrtsnn= 5.02$ TeV",
	journal="Eur. Phys. J. C",
	year="2016",
	month="May",
	day="17",
	volume="76",
	number="5",
	pages="271",
	issn="1434-6052",
	eprint         = "1603.03402",
	archivePrefix  = "arXiv",
	primaryClass   = "nucl-ex",
	doi="10.1140/epjc/s10052-016-4107-8",
	url="https://doi.org/10.1140/epjc/s10052-016-4107-8"
}



@article{PhysRevD.98.030001,
	title = {Review of Particle Physics},
	author = "{Particle Data Group}",
	journal = {Phys. Rev. D},
	volume = {98},
	number = {3},
	pages = {030001},
	numpages = {1898},
	year = {2018},
	month = {Aug},
	publisher = {American Physical Society},
	doi = {10.1103/PhysRevD.98.030001},
	url = {https://link.aps.org/doi/10.1103/PhysRevD.98.030001}
}


@article{Jiang:2018wzu,
	author = {Jiang, Z.F. and Csanád, M and Kasza, G and Yang, C.B. and Csörgő, T},
	year = {2019},
	month = {01},
	pages = {261},
	title = {Pseudorapidity and Initial-energy Densities in $p$+$p$ and Heavy-ion Collisions at RHIC and LHC},
	volume = {12},
	journal = {Acta Phys. Pol. B},
	doi = {10.5506/APhysPolBSupp.12.261},
	eprint         = "1806.05750",
	archivePrefix  = "arXiv",
	primaryClass   = "nucl-th",

}


@article{Weller:2017tsr,
	author         = "Weller, Ryan D. and Romatschke, Paul",
	title          = "{One fluid to rule them all: viscous hydrodynamic description of event-by-event central p+p, p+Pb and Pb+Pb collisions at $\sqrt{s}=5.02$ TeV}",
	journal        = "Phys. Lett. B",
	volume         = "774",
	year           = "2017",
	pages          = "351-356",
	doi            = "10.1016/j.physletb.2017.09.077",
	eprint         = "1701.07145",
	archivePrefix  = "arXiv",
	primaryClass   = "nucl-th",
	SLACcitation   = "%%CITATION = ARXIV:1701.07145;%%"
}

@article{PhysRevD.78.074507,
	title = {Canonical partition function and finite density phase transition in lattice QCD},
	author = {Ejiri, Shinji},
	journal = {Phys. Rev. D},
	volume = {78},
	number = {7},
	pages = {074507},
	numpages = {13},
	year = {2008},
	month = {Oct},
	publisher = {American Physical Society},
	doi = {10.1103/PhysRevD.78.074507},
	url = {https://link.aps.org/doi/10.1103/PhysRevD.78.074507}
}

@booklet{Sickles:2235420,
	author        = "Sickles, Anne Marie and Puri, Akshat and Rybar, Martin",
	title         = "{Jet Fragmentation in Pb+Pb Collisions at 5.02 TeV - Supporting Note}",
	note        = "ATL-COM-PHYS-2016-1721",
	reportNumber  = "ATL-COM-PHYS-2016-1721",
	url           = "https://cds.cern.ch/record/2235420",
}

@booklet{Cole:1450219,
	author        = "Cole, Brian and Spousta, Martin and Angerami, Aaron and Kosek, T and Balek, P and Rybar, M and Santos, H",
	title         = "{Jet Fragmentation in Heavy Ion Collisions}",
	note          = "ATL-COM-PHYS-2012-628",
	reportNumber  = "ATL-COM-PHYS-2012-628",
	url           = "https://cds.cern.ch/record/1450219",
}


@article{Potamianos:2209070,
	author         = "{ATLAS Collaboration}",
	title          = "{The upgraded Pixel detector and the commissioning of the Inner Detector tracking of the ATLAS experiment for Run-2 at the Large Hadron Collider}",
	journal        = "PoS EPS-HEP2015",
	year           = "2015",
	pages          = "261",
	eprint         = "1608.07850",
	archivePrefix  = "arXiv",
	primaryClass   = "physics.ins-det",
	reportNumber   = "ATL-PHYS-PROC-2016-104",
	SLACcitation   = "%%CITATION = ARXIV:1608.07850;%%"
}


@article{PhysRevLett.119.062301,
	author         = "{STAR Collaboration}",
	title          = "{Dijet imbalance measurements in \AuAu\ and $pp$ collisions at $\sqrtsnn = 200$  GeV at STAR}",
	collaboration  = "STAR",
	journal        = "Phys. Rev. Lett.",
	volume         = "119",
	year           = "2017",
	number         = "6",
	pages          = "062301",
	doi            = "10.1103/PhysRevLett.119.062301",
	eprint         = "1609.03878",
	archivePrefix  = "arXiv",
	primaryClass   = "nucl-ex",
	SLACcitation   = "%%CITATION = ARXIV:1609.03878;%%"
}

@article{20151,
	author         = "Adam, Jaroslav and others",
	title          = "{Measurement of jet suppression in central Pb-Pb collisions at $\sqrtsnn = 2.76$ TeV}",
	collaboration  = "ALICE",
	journal        = "Phys. Lett. B",
	volume         = "746",
	year           = "2015",
	pages          = "1-14",
	doi            = "10.1016/j.physletb.2015.04.039",
	eprint         = "1502.01689",
	archivePrefix  = "arXiv",
	primaryClass   = "nucl-ex",
	reportNumber   = "CERN-PH-EP-2015-023",
	SLACcitation   = "%%CITATION = ARXIV:1502.01689;%%"
}


@article{Reed_2013,
	author         = "{ALICE Collaboration}",
	title          = "{Full Jet Reconstruction in $2.76$ TeV pp and Pb-Pb collisions in the ALICE experiment}",
	booktitle      = "{Proceedings, Workshop for Young Scientists on the Physics of Ultrarelativistic Nucleus-Nucleus Collisions (Hot Quarks 2012): Copamarina, Puerto Rico, October 14-20, 2012}",
	collaboration  = "ALICE",
	journal        = "J. Phys. Conf. Ser.",
	volume         = "446",
	year           = "2013",
	pages          = "012006",
	doi            = "10.1088/1742-6596/446/1/012006",
	eprint         = "1304.5945",
	archivePrefix  = "arXiv",
	primaryClass   = "nucl-ex",
	SLACcitation   = "%%CITATION = ARXIV:1304.5945;%%"
}

@article{Ploskon:2009zd,
	author         = "{STAR Collaboration}",
	title          = "{Inclusive cross section and correlations of fully reconstructed jets in $\sqrtsnn= 200$ GeV \AuAu\ and \pp\ collisions}",
	booktitle      = "{Proceedings, 21st International Conference on Ultra-Relativistic nucleus nucleus collisions (Quark matter 2009): Knoxville, USA, March 30-April 4, 2009}",
	collaboration  = "STAR",
	journal        = "Nucl. Phys. A",
	volume         = "830",
	year           = "2009",
	pages          = "255C-258C",
	doi            = "10.1016/j.nuclphysa.2009.10.095",
	eprint         = "0908.1799",
	archivePrefix  = "arXiv",
	primaryClass   = "nucl-ex",
	SLACcitation   = "%%CITATION = ARXIV:0908.1799;%%"
}


@article{PhysRevLett.109.152302,
	author         = "{PHENIX Collaboration}",
	title          = "{Measurement of Direct Photons in Au+Au Collisions at $\sqrtsnn = 200$ GeV}",
	collaboration  = "PHENIX",
	journal        = "Phys. Rev. Lett.",
	volume         = "109",
	year           = "2012",
	pages          = "152302",
	doi            = "10.1103/PhysRevLett.109.152302",
	eprint         = "1205.5759",
	archivePrefix  = "arXiv",
	primaryClass   = "nucl-ex",
	SLACcitation   = "%%CITATION = ARXIV:1205.5759;%%"
}


@article{PhysRevD.19.764,
	title = {Production of hadrons at large transverse momentum in 200, 300, and 400 GeV $pp$ and $p$-nucleus collisions},
	author = {Antreasyan, D. and Cronin, J. W. and Frisch, H. J. and Shochet, M. J. and Kluberg, L. and Pirou\'e, P. A. and Sumner, R. L.},
	journal = {Phys. Rev. D},
	volume = {19},
	number = {3},
	pages = {764--778},
	numpages = {0},
	year = {1979},
	month = {Feb},
	publisher = {American Physical Society},
	doi = {10.1103/PhysRevD.19.764},
	url = {https://link.aps.org/doi/10.1103/PhysRevD.19.764}
}


@article{ANGELIS1987213,
	title = "Large transverse momentum $\pi^0$ production in $\alpha\alpha$, $dd$ and $pp$ collisions at the CERN ISR",
	journal = "Phys. Lett. B",
	volume = "185",
	number = "1",
	pages = "213 - 217",
	year = "1987",
	issn = "0370-2693",
	doi = "https://doi.org/10.1016/0370-2693(87)91557-7",
	url = "http://www.sciencedirect.com/science/article/pii/0370269387915577",
	author = "{ISR Collaboration}"
}

@article{PhysRevC.64.034901,
	title = {Interplay of soft and hard processes and hadron ${p}_{T}$ spectra in $\mathrm{pA}$ and $\mathrm{AA}$ collisions},
	author = {Wang, Enke and Wang, Xin-Nian},
	journal        = "Phys. Rev. C",
	volume         = "64",
	year           = "2001",
	pages          = "034901",
	doi            = "10.1103/PhysRevC.64.034901",
	eprint         = "nucl-th/0104031",
	archivePrefix  = "arXiv",
	reportNumber   = "LBNL-47702",
	SLACcitation   = "%%CITATION = NUCL-TH/0104031;%%"
}


@article{PhysRevLett.88.022301,
	author         = "{PHENIX Collaboration}",
	title          = "{Suppression of hadrons with large transverse momentum in central \AuAu\ collisions at $\sqrtsnn = 130 $ GeV}",
	collaboration  = "PHENIX",
	journal        = "Phys. Rev. Lett.",
	volume         = "88",
	year           = "2002",
	pages          = "022301",
	doi            = "10.1103/PhysRevLett.88.022301",
	eprint         = "nucl-ex/0109003",
	archivePrefix  = "arXiv",
	SLACcitation   = "%%CITATION = NUCL-EX/0109003;%%"
}

@article{ARNISON1983214,
	title = "Hadronic jet production at the CERN proton-antiproton collider",
	journal = "Phys. Lett. B",
	volume = "132",
	number = "1",
	pages = "214 - 222",
	year = "1983",
	issn = "0370-2693",
	doi = "https://doi.org/10.1016/0370-2693(83)90254-X",
	url = "http://www.sciencedirect.com/science/article/pii/037026938390254X",
	author = "{UA1 Collaboration}",
}

@article{CMS:2009lxa,
	title          = "{A Cambridge-Aachen (C-A) based Jet Algorithm for boosted top-jet tagging}",
	author         = "{CMS Collaboration}",
	collaboration  = "CMS",
	year           = "2009",
	reportNumber   = "CMS-PAS-JME-09-001",
	SLACcitation   = "%%CITATION = CMS-PAS-JME-09-001;%%"
}

@article{Atkin_2015,
	doi = {10.1088/1742-6596/645/1/012008},
	url = {https://doi.org/10.1088%2F1742-6596%2F645%2F1%2F012008},
	year = 2015,
	month = {oct},
	publisher = {{IOP} Publishing},
	volume = {645},
	pages = {012008},
	author = {Ryan Atkin},
	title = {Review of jet reconstruction algorithms},
	journal = {J. Phys. Conf. Ser.},
}

@inproceedings{Blazey:2000qt,
	author         = "Blazey, Gerald C. and others",
	title          = "{Run II jet physics}",
	booktitle      = "{QCD and weak boson physics in Run II. Proceedings, Batavia, USA, March 4-6, June 3-4, November 4-6, 1999}",
	url            = "http://lss.fnal.gov/cgi-bin/find_paper.pl?conf-00-092",
	year           = "2000",
	pages          = "47-77",
	eprint         = "hep-ex/0005012",
	archivePrefix  = "arXiv",
	reportNumber   = "FERMILAB-CONF-00-092-E",
	SLACcitation   = "%%CITATION = HEP-EX/0005012;%%"
}

@article{Britzger:2017maj,
	author         = "Britzger, Daniel and Rabbertz, Klaus and Savoiu, Daniel and Sieber, Georg and Wobisch, Markus",
	title          = "{Determination of the strong coupling constant using inclusive jet cross section data from multiple experiments}",
	journal        = "Eur. Phys. J. C",
	volume         = "79",
	year           = "2019",
	number         = "1",
	pages          = "68",
	doi            = "10.1140/epjc/s10052-019-6551-8",
	eprint         = "1712.00480",
	archivePrefix  = "arXiv",
	primaryClass   = "hep-ph",
	SLACcitation   = "%%CITATION = ARXIV:1712.00480;%%"
}


@article{PhysRevD.71.114513,
	title          = "{Observation of string breaking in QCD}",
	author  = "{SESAM Collaboration}",
	journal        = "Phys. Rev. D",
	volume         = "71",
	year           = "2005",
	pages          = "114513",
	doi            = "10.1103/PhysRevD.71.114513",
	eprint         = "hep-lat/0505012",
	archivePrefix  = "arXiv",
	SLACcitation   = "%%CITATION = HEP-LAT/0505012;%%"
}

@article{Olive_2016,
	doi = {10.1088/1674-1137/40/10/100001},
	url = {https://doi.org/10.1088%2F1674-1137%2F40%2F10%2F100001},
	year = 2016,
	month = {oct},
	publisher = {{IOP} Publishing},
	volume = {40},
	number = {10},
	pages = {100001},
	author = "{Particle Data Group}",
	title = {Review of Particle Physics},
	journal = {Chin. Phys. C},
}


@article{Kramer:1986mc,
	author         = "Kramer, G. and Lampe, B.",
	title          = "{Jet Cross-Sections in \epm\ Annihilation}",
	journal        = "Fortsch. Phys.",
	volume         = "37",
	year           = "1989",
	pages          = "161",
	reportNumber   = "DESY-86-119",
	SLACcitation   = "%%CITATION = FPYKA,37,161;%%",
	doi            = "10.1002/prop.2190370302"
}

@article{Mueller_1991,
	doi = {10.1088/0954-3899/17/10/001},
	url = {https://doi.org/10.1088%2F0954-3899%2F17%2F10%2F001},
	year = 1991,
	month = {oct},
	publisher = {{IOP} Publishing},
	volume = {17},
	number = {10},
	pages = {1443--1454},
	author = {A H Mueller},
	title = {Jets at {LEP} and {HERA}},
	journal = {J. Phys. G},
}


@article{Berger:1979cj,
	author         = "{PLUTO Collaboration}",
	title          = "{Evidence for Gluon Bremsstrahlung in \epm\ Annihilations at High-Energies}",
	collaboration  = "{PLUTO Collaboration}",
	journal        = "Phys. Lett. B",
	volume         = "86",
	year           = "1979",
	pages          = "418-425",
	doi            = "10.1016/0370-2693(79)90869-4",
	reportNumber   = "DESY-79-57",
	SLACcitation   = "%%CITATION = PHLTA,86B,418;%%"
}

@article{Berger:1978rr,
	author         = "{PLUTO Collaboration}",
	title          = "{Jet Analysis of the $\Upsilon$ (9.46) Decay Into Charged Hadrons}",
	collaboration  = "{PLUTO Collaboration}",
	journal        = "Phys. Lett. B",
	volume         = "82",
	year           = "1979",
	pages          = "449-455",
	doi            = "10.1016/0370-2693(79)90265-X",
	reportNumber   = "DESY-78-71",
	SLACcitation   = "%%CITATION = PHLTA,82B,449;%%"
}

@article{PhysRevD.26.991,
	author         = "{SLAC-LBL Collaboration}",
	title          = "{Hadron Production by \epm\ Annihilation at Center-of-mass Energies Between $2.6$ GeV and $7.8$ GeV}",
	journal        = "Phys. Rev. D",
	volume         = "26",
	year           = "1982",
	pages          = "991",
	doi            = "10.1103/PhysRevD.26.991",
	reportNumber   = "SLAC-PUB-2855",
	SLACcitation   = "%%CITATION = PHRVA,D26,991;%%"
}


@article{PhysRevLett.35.1609,
	author         = "{SLAC-LBL Collaboration}",
	title          = "{Evidence for Jet Structure in Hadron Production by $e^+ e^-$ Annihilation}",
	journal        = "Phys. Rev. Lett.",
	volume         = "35",
	year           = "1975",
	pages          = "1609-1612",
	doi            = "10.1103/PhysRevLett.35.1609",
	reportNumber   = "SLAC-PUB-1655",
}


@inproceedings{10.1007/978-1-4020-2705-5_14,
	author         = "Gyulassy, Miklos",
	title          = "{The QGP discovered at RHIC}",
	booktitle      = "{Structure and dynamics of elementary matter}",
	doi = "10.1007/978-1-4020-2705-5_14",
	year           = "2004",
	pages          = "159-182",
	eprint         = "nucl-th/0403032",
	archivePrefix  = "arXiv",
	SLACcitation   = "%%CITATION = NUCL-TH/0403032;%%"
}

@article{heinz2013collective,
	author         = "Heinz, Ulrich and Snellings, Raimond",
	title          = "{Collective flow and viscosity in relativistic heavy-ion collisions}",
	journal        = "Ann. Rev. Nucl. Part. Sci.",
	volume         = "63",
	year           = "2013",
	pages          = "123-151",
	doi            = "10.1146/annurev-nucl-102212-170540",
	eprint         = "1301.2826",
	archivePrefix  = "arXiv",
	primaryClass   = "nucl-th",
	SLACcitation   = "%%CITATION = ARXIV:1301.2826;%%"
}

@article{PhysRevLett.109.152303,
	author         = "{CMS Collaboration}",
	title          = "{Measurement of the pseudorapidity and centrality dependence of the transverse energy density in PbPb collisions at $\sqrtsnn =2.76$ TeV}",
	collaboration  = "CMS",
	journal        = "Phys. Rev. Lett.",
	volume         = "109",
	year           = "2012",
	pages          = "152303",
	doi            = "10.1103/PhysRevLett.109.152303",
	eprint         = "1205.2488",
	archivePrefix  = "arXiv",
	primaryClass   = "nucl-ex",
	reportNumber   = "CMS-HIN-11-003, CERN-PH-EP-2012-116",
	SLACcitation   = "%%CITATION = ARXIV:1205.2488;%%"
}

@article{PhysRevC.94.034903,
	author         = "{ALICE Collaboration}",
	title          = "{Measurement of transverse energy at midrapidity in Pb-Pb collisions at $\sqrtsnn = 2.76$ TeV}",
	collaboration  = "ALICE",
	journal        = "Phys. Rev. C",
	volume         = "94",
	year           = "2016",
	number         = "3",
	pages          = "034903",
	doi            = "10.1103/PhysRevC.94.034903",
	eprint         = "1603.04775",
	archivePrefix  = "arXiv",
	primaryClass   = "nucl-ex",
	reportNumber   = "CERN-EP-2016-071",
	SLACcitation   = "%%CITATION = ARXIV:1603.04775;%%"
}

@article{PhysRevC.93.024901,
	author         = "{PHENIX Collaboration}",
	title          = "{Transverse energy production and charged-particle multiplicity at midrapidity in various systems from $\sqrtsnn=7.7$ to $200$ GeV}",
	collaboration  = "PHENIX",
	journal        = "Phys. Rev. C",
	volume         = "93",
	year           = "2016",
	number         = "2",
	pages          = "024901",
	doi            = "10.1103/PhysRevC.93.024901",
	eprint         = "1509.06727",
	archivePrefix  = "arXiv",
	primaryClass   = "nucl-ex",
	SLACcitation   = "%%CITATION = ARXIV:1509.06727;%%"
}


@article{Karsch2002,
	author         = "Karsch, F.",
	title          = "{Lattice QCD at high temperature and density}",
	journal        = "Lect. Notes Phys.",
	volume         = "583",
	year           = "2002",
	pages          = "209-249",
	doi            = "10.1007/3-540-45792-5_6",
	eprint         = "hep-lat/0106019",
	archivePrefix  = "arXiv",
	reportNumber   = "BI-TP-2001-10",
	SLACcitation   = "%%CITATION = HEP-LAT/0106019;%%"
}

@article{PhysRevD.90.094503,
	title          = {Equation of state in ($2+1$)-flavor QCD},
	author         = "{HotQCD Collaboration}",
	journal        = "Phys. Rev. D",
	volume         = "90",
	year           = "2014",
	pages          = "094503",
	doi            = "10.1103/PhysRevD.90.094503",
	eprint         = "1407.6387",
	archivePrefix  = "arXiv",
	primaryClass   = "hep-lat",
	reportNumber   = "BNL-105928-2014-JA",
	SLACcitation   = "%%CITATION = ARXIV:1407.6387;%%"
}

@article{Gribov:1972ri,
	author         = "Gribov, V. N. and Lipatov, L. N.",
	title          = "{Deep inelastic e p scattering in perturbation theory}",
	journal        = "Sov. J. Nucl. Phys.",
	volume         = "15",
	year           = "1972",
	pages          = "438-450",
	note           = "[Yad. Fiz.15,781(1972)]",
	reportNumber   = "IPTI-381-71",
	SLACcitation   = "%%CITATION = SJNCA,15,438;%%"
}

@inproceedings{Placakyte:2011az,
	author         = "Placakyte, Ringaile",
	title          = "{Parton Distribution Functions}",
	booktitle      = "{Proceedings, 31st International Conference on Physics in collisions (PIC 2011): Vancouver, Canada, August 28-September 1, 2011}",
	year           = "2011",
	eprint         = "1111.5452",
	archivePrefix  = "arXiv",
	primaryClass   = "hep-ph",
	SLACcitation   = "%%CITATION = ARXIV:1111.5452;%%"
}

@article{GYULASSY200530,
	title = "New forms of QCD matter discovered at RHIC",
	journal = "Nucl. Phys. A",
	volume = "750",
	number = "1",
	pages = "30 - 63",
	year = "2005",
	doi = "https://doi.org/10.1016/j.nuclphysa.2004.10.034",
	eprint         = "nucl-th/0405013",
	archivePrefix  = "arXiv",
	url = "http://www.sciencedirect.com/science/article/pii/S0375947404011480",
	author = "Miklos Gyulassy and Larry McLerran",
}

@article{ARSENE20051,
	title = "Quark–gluon plasma and color glass condensate at RHIC? The perspective from the BRAHMS experiment",
	journal = "Nucl. Phys. A",
	volume = "757",
	number = "1",
	pages = "1 - 27",
	year = "2005",
	doi = "https://doi.org/10.1016/j.nuclphysa.2005.02.130",
	url = "http://www.sciencedirect.com/science/article/pii/S0375947405002770",
	author = "{BRAHMS Collaboration}",
}

@article{Voloshin:2008dg,
	author         = "Voloshin, Sergei A. and Poskanzer, Arthur M. and Snellings, Raimond",
	title          = "{Collective phenomena in non-central nuclear collisions}",
	journal        = "Landolt-Bornstein",
	volume         = "23",
	year           = "2010",
	pages          = "293-333",
	doi            = "10.1007/978-3-642-01539-7_10",
	eprint         = "0809.2949",
	archivePrefix  = "arXiv",
	primaryClass   = "nucl-ex",
	SLACcitation   = "%%CITATION = ARXIV:0809.2949;%%"
}

@article{HIRANO2006299,
	title = "Hadronic dissipative effects on elliptic flow in ultrarelativistic heavy-ion collisions",
	journal = "Phys. Lett. B",
	volume = "636",
	number = "6",
	pages = "299",
	year = "2006",
	eprint         = "nucl-th/0511046",
	archivePrefix  = "arXiv",
	doi = "https://doi.org/10.1016/j.physletb.2006.03.060",
	url = "http://www.sciencedirect.com/science/article/pii/S0370269306003996",
	author = "Tetsufumi Hirano and Ulrich Heinz and Dmitri Kharzeev and Roy Lacey and Yasushi Nara",
}

@article{Teaney:2001av,
	author         = "Teaney, D. and Lauret, J. and Shuryak, Edward V.",
	title          = "{Flow at the SPS and RHIC as a quark gluon plasma signature}",
	journal        = "Phys. Rev. Lett.",
	volume         = "86",
	year           = "2001",
	pages          = "4783-4786",
	doi            = "10.1103/PhysRevLett.86.4783",
	eprint         = "nucl-th/0011058",
	archivePrefix  = "arXiv",
	SLACcitation   = "%%CITATION = NUCL-TH/0011058;%%"
}


@article{Pinkenburg:1999ya,
	author         = "Pinkenburg, C. and others",
	title          = "{Elliptic flow: Transition from out-of-plane to in-plane emission in \AuAu\ collisions}",
	collaboration  = "E895",
	journal        = "Phys. Rev. Lett.",
	volume         = "83",
	year           = "1999",
	pages          = "1295-1298",
	doi            = "10.1103/PhysRevLett.83.1295",
	eprint         = "nucl-ex/9903010",
	archivePrefix  = "arXiv",
	SLACcitation   = "%%CITATION = NUCL-EX/9903010;%%"
}

@article{Ster:1999ib,
	author         = "Ster, Andras and Csorgo, Tamas and Lorstad, Bengt",
	title          = "{The Reconstructed final state of \pbpb\ $158$ GeV/A reactions from spectra and correlation data of NA49, NA44 and WA98}",
	booktitle      = "{Quark matter '99. Proceedings, 14th International Conference on ultrarelativistic nucleus nucleus collisions, QM'99, Torino, Italy, May 10-15, 1999}",
	journal        = "Nucl. Phys. A",
	volume         = "661",
	year           = "1999",
	pages          = "419-422",
	doi            = "10.1016/S0375-9474(99)85055-6",
	eprint         = "hep-ph/9907338",
	archivePrefix  = "arXiv",
	SLACcitation   = "%%CITATION = HEP-PH/9907338;%%"
}


@article{Poskanzer:1999ea,
	author         = "Poskanzer, Arthur M. and others",
	title          = "{Centrality dependence of directed and elliptic flow at the SPS}",
	booktitle      = "{Quark matter '99. Proceedings, 14th International Conference on ultrarelativistic nucleus nucleus collisions, QM'99, Torino, Italy, May 10-15, 1999}",
	collaboration  = "NA49",
	journal        = "Nucl. Phys. A",
	volume         = "661",
	year           = "1999",
	pages          = "341-344",
	doi            = "10.1016/S0375-9474(99)85036-2",
	eprint         = "nucl-ex/9906013",
	archivePrefix  = "arXiv",
	reportNumber   = "LBL-43574, LBNL-43574",
	SLACcitation   = "%%CITATION = NUCL-EX/9906013;%%"
}

@article{PhysRevLett.80.4136,
	title = {Directed and Elliptic Flow in 158 GeV/Nucleon $Pb+Pb$ Collisions},
	author = "{NA49 Collaboration}",
	collaboration = {NA49 Collaboration},
	journal = {Phys. Rev. Lett.},
	volume = {80},
	number = {19},
	pages = {4136--4140},
	numpages = {0},
	year = {1998},
	month = {May},
	publisher = {American Physical Society},
	doi = {10.1103/PhysRevLett.80.4136},
	url = {https://link.aps.org/doi/10.1103/PhysRevLett.80.4136}
}



@article{PhysRevC.92.011901,
	title = {Alternative ansatz to wounded nucleon and binary collision scaling in high-energy nuclear collisions},
	author = {Moreland, J. Scott and Bernhard, Jonah E. and Bass, Steffen A.},
	journal = {Phys. Rev. C},
	volume = {92},
	number = {1},
	pages = {011901},
	numpages = {6},
	year = {2015},
	month = {Jul},
	publisher = {American Physical Society},
	doi = {10.1103/PhysRevC.92.011901},
	url = {https://link.aps.org/doi/10.1103/PhysRevC.92.011901}
}

@article{BAYM1976241,
	title = "Can a neutron star be a giant MIT bag?",
	journal = "Phys. Lett. B",
	volume = "62",
	number = "2",
	pages = "241 - 244",
	year = "1976",
	issn = "0370-2693",
	doi = "https://doi.org/10.1016/0370-2693(76)90517-7",
	url = "http://www.sciencedirect.com/science/article/pii/0370269376905177",
	author = "G. Baym and S.A. Chin",
}


@article{doi:10.1146/annurev.nucl.46.1.71,
	author         = "Harris, John W. and Muller, Berndt",
	title          = "{The Search for the quark - gluon plasma}",
	journal        = "Ann. Rev. Nucl. Part. Sci.",
	volume         = "46",
	year           = "1996",
	pages          = "71-107",
	doi            = "10.1146/annurev.nucl.46.1.71",
	eprint         = "hep-ph/9602235",
	archivePrefix  = "arXiv",
	reportNumber   = "DUKE-TH-96-105",
	SLACcitation   = "%%CITATION = HEP-PH/9602235;%%"
}



@article{Borsanyi:2010bp,
	author         = "Borsanyi, Szabolcs and Fodor, Zoltan and Hoelbling, Christian and Katz, Sandor D and Krieg, Stefan and Ratti, Claudia and Szabo, Kalman K.",
	title          = "{Is there still any $T_c$ mystery in lattice QCD? Results with physical masses in the continuum limit III}",
	collaboration  = "Wuppertal-Budapest",
	journal        = "JHEP",
	volume         = "09",
	year           = "2010",
	pages          = "073",
	doi            = "10.1007/JHEP09(2010)073",
	eprint         = "1005.3508",
	archivePrefix  = "arXiv",
	primaryClass   = "hep-lat",
	reportNumber   = "WUB-10-11, MIT-CTP-4152",
	SLACcitation   = "%%CITATION = ARXIV:1005.3508;%%"
}

@article{Aoki:2006we,
	author         = "Aoki, Y. and Endrodi, G. and Fodor, Z. and Katz, S. D. and Szabo, K. K.",
	title          = "{The Order of the quantum chromodynamics transition predicted by the standard model of particle physics}",
	journal        = "Nature",
	volume         = "443",
	year           = "2006",
	pages          = "675-678",
	doi            = "10.1038/nature05120",
	eprint         = "hep-lat/0611014",
	archivePrefix  = "arXiv",
	SLACcitation   = "%%CITATION = HEP-LAT/0611014;%%"
}

@article{Kronfeld:2012uk,
	author         = "Kronfeld, Andreas S.",
	title          = "{Twenty-first Century Lattice Gauge Theory: Results from the QCD Lagrangian}",
	journal        = "Ann. Rev. Nucl. Part. Sci.",
	volume         = "62",
	year           = "2012",
	pages          = "265-284",
	doi            = "10.1146/annurev-nucl-102711-094942",
	eprint         = "1203.1204",
	archivePrefix  = "arXiv",
	primaryClass   = "hep-lat",
	reportNumber   = "FERMILAB-PUB-12-064-T",
	SLACcitation   = "%%CITATION = ARXIV:1203.1204;%%"
}

@article{PhysRevD.86.063001,
	title = {Equation-of-state dependence of the gravitational-wave signal from the ring-down phase of neutron-star mergers},
	author = {Bauswein, A. and Janka, H.-T. and Hebeler, K. and Schwenk, A.},
	journal = {Phys. Rev. D},
	volume = {86},
	number = {6},
	pages = {063001},
	numpages = {29},
	year = {2012},
	month = {Sep},
	publisher = {American Physical Society},
	eprint         = "1204.1888",
	archivePrefix  = "arXiv",
	primaryClass   = "astro-ph.SR",
	doi = {10.1103/PhysRevD.86.063001},
	url = {https://link.aps.org/doi/10.1103/PhysRevD.86.063001}
}

@article{PhysRevLett.108.011101,
	title = {Measuring Neutron-Star Properties via Gravitational Waves from Neutron-Star Mergers},
	author = {Bauswein, A. and Janka, H.-T.},
	journal = {Phys. Rev. Lett.},
	volume = {108},
	number = {1},
	pages = {011101},
	numpages = {5},
	year = {2012},
	month = {Jan},
	publisher = {American Physical Society},
	doi = {10.1103/PhysRevLett.108.011101},
	url = {https://link.aps.org/doi/10.1103/PhysRevLett.108.011101}
}

@article{PhysRevD.99.023009,
	title = {Signals in the tidal deformability for phase transitions in compact stars with constraints from GW170817},
	author = {Christian, Jan-Erik and Zacchi, Andreas and Schaffner-Bielich, J\"urgen},
	journal = {Phys. Rev. D},
	volume = {99},
	number = {2},
	pages = {023009},
	numpages = {8},
	year = {2019},
	month = {Jan},
	publisher = {American Physical Society},
	doi = {10.1103/PhysRevD.99.023009},
	eprint         = "1809.03333",
	archivePrefix  = "arXiv",
	primaryClass   = "astro-ph.HE",
	url = {https://link.aps.org/doi/10.1103/PhysRevD.99.023009}
}


@article{Han:2018mtj,
	author         = "Han, Sophia and Steiner, Andrew W.",
	title          = "{Tidal deformability with sharp phase transitions in (binary) neutron stars}",
	journal        = "Phys. Rev. D",
	volume         = "99",
	year           = "2019",
	number         = "8",
	pages          = "083014",
	doi            = "10.1103/PhysRevD.99.083014",
	eprint         = "1810.10967",
	archivePrefix  = "arXiv",
	primaryClass   = "nucl-th",
	SLACcitation   = "%%CITATION = ARXIV:1810.10967;%%"
}


@article{PhysRevLett.119.161101,
	title = {GW170817: Observation of Gravitational Waves from a Binary Neutron Star Inspiral},
	author = "{LIGO/VIRGO Collaboration}",
	collaboration = {LIGO Scientific Collaboration and Virgo Collaboration},
	journal = {Phys. Rev. Lett.},
	volume = {119},
	number = {16},
	pages = {161101},
	numpages = {18},
	year = {2017},
	month = {Oct},
	eprint         = "1710.05832",
	archivePrefix  = "arXiv",
	primaryClass   = "gr-qc",
	publisher = {American Physical Society},
	doi = {10.1103/PhysRevLett.119.161101},
	url = {https://link.aps.org/doi/10.1103/PhysRevLett.119.161101}
}


@article{PhysRevLett.122.061102,
	title = {Identifying a First-Order Phase Transition in Neutron-Star Mergers through Gravitational Waves},
	author = {Bauswein, Andreas and Bastian, Niels-Uwe F. and Blaschke, David B. and Chatziioannou, Katerina and Clark, James A. and Fischer, Tobias and Oertel, Micaela},
	journal = {Phys. Rev. Lett.},
	volume = {122},
	number = {6},
	pages = {061102},
	numpages = {8},
	year = {2019},
	month = {Feb},
	eprint         = "1809.01116",
	archivePrefix  = "arXiv",
	primaryClass   = "astro-ph.HE",
	publisher = {American Physical Society},
	doi = {10.1103/PhysRevLett.122.061102},
	url = {https://link.aps.org/doi/10.1103/PhysRevLett.122.061102}
}


@article{Bauswein:2018bma,
	author         = "Bauswein, Andreas and Bastian, Niels-Uwe F. and Blaschke, David B. and Chatziioannou, Katerina and Clark, James A. and Fischer, Tobias and Oertel, Micaela",
	title          = "{Identifying a first-order phase transition in neutron star mergers through gravitational waves}",
	journal        = "Phys. Rev. Lett.",
	volume         = "122",
	year           = "2019",
	number         = "6",
	pages          = "061102",
	doi            = "10.1103/PhysRevLett.122.061102",
	eprint         = "1809.01116",
	archivePrefix  = "arXiv",
	primaryClass   = "astro-ph.HE",
	SLACcitation   = "%%CITATION = ARXIV:1809.01116;%%",
}

@article{PhysRevLett.122.061101, 
	title = {Signatures of Quark-Hadron Phase Transitions in General-Relativistic Neutron-Star Mergers},
	author = {Most, Elias R. and Papenfort, L. Jens and Dexheimer, Veronica and Hanauske, Matthias and Schramm, Stefan and St\"ocker, Horst and Rezzolla, Luciano},
	journal = {Phys. Rev. Lett.},
	volume = {122},
	number = {6},
	pages = {061101},
	numpages = {6},
	year = {2019},
	month = {Feb},
	eprint         = "1807.03684",
	archivePrefix  = "arXiv",
	primaryClass   = "astro-ph.HE",
	publisher = {American Physical Society},
	doi = {10.1103/PhysRevLett.122.061101},
	url = {https://link.aps.org/doi/10.1103/PhysRevLett.122.061101}
}

@article{PhysRevD.57.2603,
	title = {Casimir scaling from center vortices: Towards an understanding of the adjoint string tension},
	author = {Faber, M. and Greensite, J. and OlejnkS},
	journal = {Phys. Rev. D},
	volume = {57},
	number = {4},
	pages = {2603--2609},
	numpages = {0},
	year = {1998},
	month = {Feb},
	publisher = {American Physical Society},
	doi = {10.1103/PhysRevD.57.2603},
	url = {https://link.aps.org/doi/10.1103/PhysRevD.57.2603},
}

@article{PhysRevD.62.114503,
	title = {Casimir scaling of $\mathrm{SU}(3)$ static potentials},
	author = {Bali, Gunnar Singh},
	journal = {Phys. Rev. D},
	volume = {62},
	number = {11},
	pages = {114503},
	numpages = {11},
	year = {2000},
	month = {Oct},
	publisher = {American Physical Society},
	doi = {10.1103/PhysRevD.62.114503},
	url = {https://link.aps.org/doi/10.1103/PhysRevD.62.114503}
}

@article{PhysRevD.31.2910,
	title = {Flux-tube model for hadrons in QCD},
	author = {Isgur, Nathan and Paton, Jack},
	journal = {Phys. Rev. D},
	volume = {31},
	number = {11},
	pages = {2910--2929},
	numpages = {0},
	year = {1985},
	month = {Jun},
	publisher = {American Physical Society},
	doi = {10.1103/PhysRevD.31.2910},
	url = {https://link.aps.org/doi/10.1103/PhysRevD.31.2910}
}

@article{Gao:2018xsg,
	author         = "Gao, Fei and Chen, Chong-Yao and Liu, Yu-Xin",
	title          = "{Colour Confinement: a Dynamical Phenomenon of QCD}",
	year           = "2018",
	eprint         = "1802.08184",
	archivePrefix  = "arXiv",
	primaryClass   = "hep-ph",
	SLACcitation   = "%%CITATION = ARXIV:1802.08184;%%"
}

@article{KOGUT1976199,
	title = "A quantitative approach to low-energy quantum chromodynamics",
	journal = "Nucl. Phys. B",
	volume = "114",
	number = "2",
	pages = "199 - 236",
	year = "1976",
	issn = "0550-3213",
	doi = "https://doi.org/10.1016/0550-3213(76)90586-1",
	url = "http://www.sciencedirect.com/science/article/pii/0550321376905861",
	author = "John Kogut and D.K. Sinclair and Leonard Susskind",
}

@article{BUCHMULLER1982479,
	author         = "Buchmuller, W.",
	title          = "{Fine and Hyperfine Structure of Quarkonia}",
	journal        = "Phys. Lett. B",
	volume         = "112",
	year           = "1982",
	pages          = "479-483",
	doi            = "10.1016/0370-2693(82)90854-1",
	reportNumber   = "MPI-PAE/PTh 72/81",
	SLACcitation   = "%%CITATION = PHLTA,112B,479;%%"
}


@article{RevModPhys.55.775,
	title = {The lattice gauge theory approach to quantum chromodynamics},
	author = {Kogut, John B.},
	journal = {Rev. Mod. Phys.},
	volume = {55},
	number = {3},
	pages = {775--836},
	numpages = {0},
	year = {1983},
	month = {Jul},
	publisher = {American Physical Society},
	doi = {10.1103/RevModPhys.55.775},
	url = {https://link.aps.org/doi/10.1103/RevModPhys.55.775}
}


@article{PhysRevLett.90.102001,
	title = {No Confinement without Coulomb Confinement},
	author = {Zwanziger, Daniel},
	journal = {Phys. Rev. Lett.},
	volume = {90},
	number = {10},
	pages = {102001},
	numpages = {4},
	year = {2003},
	month = {Mar},
	publisher = {American Physical Society},
	doi = {10.1103/PhysRevLett.90.102001},
	url = {https://link.aps.org/doi/10.1103/PhysRevLett.90.102001}
}



@article{PhysRevD.10.2445,
	title = {Confinement of quarks},
	author = {Wilson, Kenneth G.},
	journal = {Phys. Rev. D},
	volume = {10},
	number = {8},
	pages = {2445--2459},
	numpages = {0},
	year = {1974},
	month = {Oct},
	publisher = {American Physical Society},
	doi = {10.1103/PhysRevD.10.2445},
	url = {https://link.aps.org/doi/10.1103/PhysRevD.10.2445}
}



@Article{Nishijima1996,
	author="Nishijima, K.",
	title="BRS invariance, asymptotic freedom and color confinement (a review)",
	journal="Czech. J. Phys.",
	year="1996",
	month="Jan",
	day="01",
	volume="46",
	number="1",
	pages="1--40",
	issn="1572-9486",
	doi="10.1007/BF01692238",
	url="https://doi.org/10.1007/BF01692238"
}



@article{PhysRev.179.1547,
	title = {Asymptotic Sum Rules at Infinite Momentum},
	author = {Bjorken, J. D.},
	journal = {Phys. Rev.},
	volume = {179},
	number = {5},
	pages = {1547--1553},
	numpages = {0},
	year = {1969},
	month = {Mar},
	publisher = {American Physical Society},
	doi = {10.1103/PhysRev.179.1547},
	url = {https://link.aps.org/doi/10.1103/PhysRev.179.1547}
}


@article{PhysRevLett.30.1343,
	title = {Ultraviolet Behavior of Non-Abelian Gauge Theories},
	author = {Gross, David J. and Wilczek, Frank},
	journal = {Phys. Rev. Lett.},
	volume = {30},
	number = {26},
	pages = {1343--1346},
	numpages = {0},
	year = {1973},
	month = {Jun},
	publisher = {American Physical Society},
	doi = {10.1103/PhysRevLett.30.1343},
	url = {https://link.aps.org/doi/10.1103/PhysRevLett.30.1343}
}

@article{PhysRevD.8.3633,
	title = {Asymptotically Free Gauge Theories - I},
	author = {Gross, David J. and Wilczek, Frank},
	journal = {Phys. Rev. D},
	volume = {8},
	number = {10},
	pages = {3633--3652},
	numpages = {0},
	year = {1973},
	month = {Nov},
	publisher = {American Physical Society},
	doi = {10.1103/PhysRevD.8.3633},
	url = {https://link.aps.org/doi/10.1103/PhysRevD.8.3633}
}


@article{PhysRevLett.23.935,
	title = {Observed Behavior of Highly Inelastic Electron-Proton Scattering},
	author = {Breidenbach, M. and Friedman, J. I. and Kendall, H. W. and Bloom, E. D. and Coward, D. H. and DeStaebler, H. and Drees, J. and Mo, L. W. and Taylor, R. E.},
	journal = {Phys. Rev. Lett.},
	volume = {23},
	pages = {935--939},
	numpages = {0},
	year = {1969},
	month = {Oct},
	publisher = {American Physical Society},
	doi = {10.1103/PhysRevLett.23.935},
	url = {https://link.aps.org/doi/10.1103/PhysRevLett.23.935}
}



@article{PhysRevLett.23.930, 
	title = {High-Energy Inelastic $e-p$ Scattering at $6^{\circ}$ and $10^{\circ}$},
	author = {Bloom, E. D. and Coward, D. H. and DeStaebler, H. and Drees, J. and Miller, G. and Mo, L. W. and Taylor, R. E. and Breidenbach, M. and Friedman, J. I. and Hartmann, G. C. and Kendall, H. W.},
	journal = {Phys. Rev. Lett.},
	volume = {23},
	pages = {930--934},
	numpages = {0},
	year = {1969},
	month = {Oct},
	publisher = {American Physical Society},
	doi = {10.1103/PhysRevLett.23.930},
	url = {https://link.aps.org/doi/10.1103/PhysRevLett.23.930}
}



@online{SMpict,
	author         = "{Wikimedia Commons}",
	title          = "{Standard Model of Elementary Particles}",
	url = "https://en.wikipedia.org/wiki/Standard_Model",
}


@article{RUSNAK:2014xfa,
	author         = "Rusnak, Jan",
	title          = "{Inclusive spectrum of charged jets in central Au+Au collisions at $\sqrtsnn = 200 $ GeV by STAR}",
	booktitle      = "{Proceedings, 2013 European Physical Society Conference on High Energy Physics (EPS-HEP 2013): Stockholm, Sweden, July 18-24, 2013}",
	collaboration  = "STAR",
	journal        = "PoS",
	volume         = "EPS-HEP2013",
	year           = "2013",
	pages          = "191",
	doi            = "10.22323/1.180.0191",
	SLACcitation   = "%%CITATION = POSCI,EPS-HEP2013,191;%%"
}

@booklet{CMS-PAS-HIN-12-004,
	author = "{CMS Collaboration}",
	title         = "{Nuclear modification factor of high transverse momentum jets in PbPb collisions at $\sqrtsnn = 2.76$ TeV}",
	institution   = "CERN",
	collaboration = "CMS Collaboration",
	address       = "Geneva",
	note        = "CMS-PAS-HIN-12-004",
	year          = "2012",
	reportNumber  = "CMS-PAS-HIN-12-004",
	url           = "http://cds.cern.ch/record/1472722",
}

@article{Hirano:2010je,
	author         = "Hirano, Tetsufumi and Huovinen, Pasi and Nara, Yasushi",
	title          = "{Elliptic flow in Pb+Pb collisions at $\sqrtsnn = 2.76$ TeV: hybrid model assessment of the first data}",
	journal        = "Phys. Rev. C",
	volume         = "84",
	year           = "2011",
	pages          = "011901",
	doi            = "10.1103/PhysRevC.84.011901",
	eprint         = "1012.3955",
	archivePrefix  = "arXiv",
	primaryClass   = "nucl-th",
	SLACcitation   = "%%CITATION = ARXIV:1012.3955;%%"
}

@article{CasalderreySolana:2011gx,
	author         = "Casalderrey-Solana, Jorge and Milhano, Jose Guilherme and Quiroga-Arias, Paloma",
	title          = "{Out of Medium Fragmentation from Long-Lived Jet Showers}",
	journal        = "Phys. Lett. B",
	volume         = "710",
	year           = "2012",
	pages          = "175-181",
	doi            = "10.1016/j.physletb.2012.02.066",
	eprint         = "1111.0310",
	archivePrefix  = "arXiv",
	primaryClass   = "hep-ph",
	reportNumber   = "CERN-PH-TH-2011-264",
	SLACcitation   = "%%CITATION = ARXIV:1111.0310;%%"
}

@article{CasalderreySolana:2011us,
	author         = "Casalderrey-Solana, Jorge and Liu, Hong and Mateos, David and Rajagopal, Krishna and Wiedemann, Urs Achim",
	title          = "{Gauge/String Duality, Hot QCD and Heavy Ion Collisions}",
	year           = "2011",
	doi            = "10.1017/CBO9781139136747",
	eprint         = "1101.0618",
	archivePrefix  = "arXiv",
	primaryClass   = "hep-th",
	reportNumber   = "CERN-PH-TH-2010-316, MIT-CTP-4198, ICCUB-10-202",
	SLACcitation   = "%%CITATION = ARXIV:1101.0618;%%"
}


@article{Chesler:2014jva,
	author         = "Chesler, Paul M. and Rajagopal, Krishna",
	title          = "{Jet quenching in strongly coupled plasma}",
	journal        = "Phys. Rev. D",
	volume         = "90",
	year           = "2014",
	number         = "2",
	pages          = "025033",
	doi            = "10.1103/PhysRevD.90.025033",
	eprint         = "1402.6756",
	archivePrefix  = "arXiv",
	primaryClass   = "hep-th",
	SLACcitation   = "%%CITATION = ARXIV:1402.6756;%%"
}

@article{Ghiglieri:2015zma,
	author         = "Ghiglieri, Jacopo and Teaney, Derek",
	title          = "{Parton energy loss and momentum broadening at NLO in high temperature QCD plasmas}",
	journal        = "Int. J. Mod. Phys. E",
	volume         = "24",
	year           = "2015",
	number         = "11",
	pages          = "1530013",
	doi            = "10.1142/S0218301315300131, 10.1142/9789814663717_0006",
	note           = "[,271(2016)]",
	eprint         = "1502.03730",
	archivePrefix  = "arXiv",
	primaryClass   = "hep-ph",
	SLACcitation   = "%%CITATION = ARXIV:1502.03730;%%"
}

@article{Mehtar-Tani:2013pia,
	author         = "Mehtar-Tani, Yacine and Milhano, Jose Guilherme and Tywoniuk, Konrad",
	title          = "{Jet physics in heavy-ion collisions}",
	journal        = "Int. J. Mod. Phys. A",
	volume         = "28",
	year           = "2013",
	pages          = "1340013",
	doi            = "10.1142/S0217751X13400137",
	eprint         = "1302.2579",
	archivePrefix  = "arXiv",
	primaryClass   = "hep-ph",
	reportNumber   = "CERN-PH-TH-2013-025, ICCUB-13-043",
	SLACcitation   = "%%CITATION = ARXIV:1302.2579;%%"
}

@article{Majumder:2010qh,
	author         = "Majumder, A. and Van Leeuwen, M.",
	title          = "{The Theory and Phenomenology of Perturbative QCD Based Jet Quenching}",
	journal        = "Prog. Part. Nucl. Phys.",
	volume         = "66",
	year           = "2011",
	pages          = "41-92",
	doi            = "10.1016/j.ppnp.2010.09.001",
	eprint         = "1002.2206",
	archivePrefix  = "arXiv",
	primaryClass   = "hep-ph",
	SLACcitation   = "%%CITATION = ARXIV:1002.2206;%%"
}

@article{Jacobs:2004qv,
	author         = "Jacobs, Peter and Wang, Xin-Nian",
	title          = "{Matter in extremis: Ultrarelativistic nuclear collisions at RHIC}",
	journal        = "Prog. Part. Nucl. Phys.",
	volume         = "54",
	year           = "2005",
	pages          = "443-534",
	doi            = "10.1016/j.ppnp.2004.09.001",
	eprint         = "hep-ph/0405125",
	archivePrefix  = "arXiv",
	SLACcitation   = "%%CITATION = HEP-PH/0405125;%%"
}

@article{Chesler:2015nqz,
	author         = "Chesler, Paul M. and Rajagopal, Krishna",
	title          = "{On the Evolution of Jet Energy and Opening Angle in Strongly Coupled Plasma}",
	journal        = "JHEP",
	volume         = "05",
	year           = "2016",
	pages          = "098",
	doi            = "10.1007/JHEP05(2016)098",
	eprint         = "1511.07567",
	archivePrefix  = "arXiv",
	primaryClass   = "hep-th",
	SLACcitation   = "%%CITATION = ARXIV:1511.07567;%%"
}


@article{Chesler:2013urd,
	author         = "Chesler, Paul M. and Lekaveckas, Mindaugas and Rajagopal, Krishna",
	title          = "{Heavy quark energy loss far from equilibrium in a strongly coupled collision}",
	journal        = "JHEP",
	volume         = "10",
	year           = "2013",
	pages          = "013",
	doi            = "10.1007/JHEP10(2013)013",
	eprint         = "1306.0564",
	archivePrefix  = "arXiv",
	primaryClass   = "hep-ph",
	reportNumber   = "CERN-PH-TH-2013-109",
	SLACcitation   = "%%CITATION = ARXIV:1306.0564;%%"
}
@article{DEramo:2010wup,
	author         = "D'Eramo, Francesco and Liu, Hong and Rajagopal, Krishna",
	title          = "{Transverse Momentum Broadening and the Jet Quenching Parameter, Redux}",
	journal        = "Phys. Rev. D",
	volume         = "84",
	year           = "2011",
	pages          = "065015",
	doi            = "10.1103/PhysRevD.84.065015",
	eprint         = "1006.1367",
	archivePrefix  = "arXiv",
	primaryClass   = "hep-ph",
	reportNumber   = "MIT-CTP-4153",
	SLACcitation   = "%%CITATION = ARXIV:1006.1367;%%"
}
@article{Hatta:2008tx,
	author         = "Hatta, Y. and Iancu, E. and Mueller, A. H.",
	title          = "{Jet evolution in the N=4 SYM plasma at strong coupling}",
	journal        = "JHEP",
	volume         = "05",
	year           = "2008",
	pages          = "037",
	doi            = "10.1088/1126-6708/2008/05/037",
	eprint         = "0803.2481",
	archivePrefix  = "arXiv",
	primaryClass   = "hep-th",
	SLACcitation   = "%%CITATION = ARXIV:0803.2481;%%"
}

@article{Gubser:2008as,
	author         = "Gubser, Steven S. and Gulotta, Daniel R. and Pufu, Silviu S. and Rocha, Fabio D.",
	title          = "{Gluon energy loss in the gauge-string duality}",
	journal        = "JHEP",
	volume         = "10",
	year           = "2008",
	pages          = "052",
	doi            = "10.1088/1126-6708/2008/10/052",
	eprint         = "0803.1470",
	archivePrefix  = "arXiv",
	primaryClass   = "hep-th",
	reportNumber   = "PUPT-2259",
	SLACcitation   = "%%CITATION = ARXIV:0803.1470;%%"
}
@article{Chesler:2007an,
	author         = "Chesler, Paul M. and Yaffe, Laurence G.",
	title          = "{The Wake of a quark moving through a strongly-coupled plasma}",
	journal        = "Phys. Rev. Lett.",
	volume         = "99",
	year           = "2007",
	pages          = "152001",
	doi            = "10.1103/PhysRevLett.99.152001",
	eprint         = "0706.0368",
	archivePrefix  = "arXiv",
	primaryClass   = "hep-th",
	SLACcitation   = "%%CITATION = ARXIV:0706.0368;%%"
}
@article{CasalderreySolana:2006rq,
	author         = "Casalderrey-Solana, Jorge and Teaney, Derek",
	title          = "{Heavy quark diffusion in strongly coupled N=4 Yang-Mills}",
	journal        = "Phys. Rev. D",
	volume         = "74",
	year           = "2006",
	pages          = "085012",
	doi            = "10.1103/PhysRevD.74.085012",
	eprint         = "hep-ph/0605199",
	archivePrefix  = "arXiv",
	SLACcitation   = "%%CITATION = HEP-PH/0605199;%%"
}
@article{Liu:2006ug,
	author         = "Liu, Hong and Rajagopal, Krishna and Wiedemann, Urs Achim",
	title          = "{Calculating the jet quenching parameter from AdS/CFT}",
	journal        = "Phys. Rev. Lett.",
	volume         = "97",
	year           = "2006",
	pages          = "182301",
	doi            = "10.1103/PhysRevLett.97.182301",
	eprint         = "hep-ph/0605178",
	archivePrefix  = "arXiv",
	reportNumber   = "MIT-CTP-3739, RBRC-601",
	SLACcitation   = "%%CITATION = HEP-PH/0605178;%%"
}

@article{Herzog:2006gh,
	author         = "Herzog, C. P. and Karch, A. and Kovtun, P. and Kozcaz, C. and Yaffe, L. G.",
	title          = "{Energy loss of a heavy quark moving through N=4 supersymmetric Yang-Mills plasma}",
	journal        = "JHEP",
	volume         = "07",
	year           = "2006",
	pages          = "013",
	doi            = "10.1088/1126-6708/2006/07/013",
	eprint         = "hep-th/0605158",
	archivePrefix  = "arXiv",
	reportNumber   = "NSF-KITP-06-36",
	SLACcitation   = "%%CITATION = HEP-TH/0605158;%%"
}

@article{Tachibana:2017syd,
	author         = "Tachibana, Yasuki and Chang, Ning-Bo and Qin, Guang-You",
	title          = "{Full jet in quark-gluon plasma with hydrodynamic medium response}",
	journal        = "Phys. Rev. C",
	volume         = "95",
	year           = "2017",
	number         = "4",
	pages          = "044909",
	doi            = "10.1103/PhysRevC.95.044909",
	eprint         = "1701.07951",
	archivePrefix  = "arXiv",
	primaryClass   = "nucl-th",
	SLACcitation   = "%%CITATION = ARXIV:1701.07951;%%"
}



@article{baier2001quenching,
	author         = "Baier, R. and Dokshitzer, Yuri L. and Mueller, Alfred H. and Schiff, D.",
	title          = "{Quenching of hadron spectra in media}",
	journal        = "JHEP",
	volume         = "09",
	year           = "2001",
	pages          = "033",
	doi            = "10.1088/1126-6708/2001/09/033",
	eprint         = "hep-ph/0106347",
	archivePrefix  = "arXiv",
	reportNumber   = "BI-TP-2001-02, LPT-ORSAY-01-57",
	SLACcitation   = "%%CITATION = HEP-PH/0106347;%%"
}


@article{CasalderreySolana:2012ef,
	author         = "Casalderrey-Solana, Jorge and Mehtar-Tani, Yacine and Salgado, Carlos A. and Tywoniuk, Konrad",
	title          = "{New picture of jet quenching dictated by color coherence}",
	journal        = "Phys. Lett. B",
	volume         = "725",
	year           = "2013",
	pages          = "357-360",
	doi            = "10.1016/j.physletb.2013.07.046",
	eprint         = "1210.7765",
	archivePrefix  = "arXiv",
	primaryClass   = "hep-ph",
	reportNumber   = "CERN-PH-TH-2012-291, LU-TP-12-37",
	SLACcitation   = "%%CITATION = ARXIV:1210.7765;%%"
}

@article{Blaizot:2013hx, 
	author         = "Blaizot, Jean-Paul and Iancu, Edmond and Mehtar-Tani, Yacine",
	title          = "{Medium-induced QCD cascade: democratic branching and wave turbulence}",
	journal        = "Phys. Rev. Lett.",
	volume         = "111",
	year           = "2013",
	pages          = "052001",
	doi            = "10.1103/PhysRevLett.111.052001",
	eprint         = "1301.6102",
	archivePrefix  = "arXiv",
	primaryClass   = "hep-ph",
	SLACcitation   = "%%CITATION = ARXIV:1301.6102;%%"
}

@article{2013220,
	title          = "{Measurement of the jet radius and transverse momentum dependence of inclusive jet suppression in lead-lead collisions at $\sqrtsnn = 2.76$ TeV with the ATLAS detector}",
	doi = "https://doi.org/10.1016/j.physletb.2013.01.024",
	url = "http://www.sciencedirect.com/science/article/pii/S037026931300049X",
	author = "{ATLAS Collaboration}",
	collaboration  = "ATLAS Collaboration",
	journal        = "Phys. Lett. B",
	volume         = "719",
	year           = "2013",
	pages          = "220-241",
	eprint         = "1208.1967",
	archivePrefix  = "arXiv",
	primaryClass   = "hep-ex",
	reportNumber   = "CERN-PH-EP-2012-134",
	SLACcitation   = "%%CITATION = ARXIV:1208.1967;%%"
}


@article{Salam:2009jx,
	author         = "Salam, Gavin P.",
	title          = "{Towards Jetography}",
	booktitle      = "{2008 CTEQ-MCnet Summer School on QCD Phenomenology and Monte Carlo Event Generators (MCnet 08) (CTEQ 08) Debrecen, Hungary, August 8-16, 2008}",
	journal        = "Eur. Phys. J. C",
	volume         = "67",
	year           = "2010",
	pages          = "637-686",
	doi            = "10.1140/epjc/s10052-010-1314-6",
	eprint         = "0906.1833",
	archivePrefix  = "arXiv",
	primaryClass   = "hep-ph",
	SLACcitation   = "%%CITATION = ARXIV:0906.1833;%%"
}

@article{Salam_2007,
	doi = {10.1088/1126-6708/2007/05/086},
	url = {https://doi.org/10.1088%2F1126-6708%2F2007%2F05%2F086},
	year = 2007,
	month = {may},
	publisher = {Springer Nature},
	volume = {05},
	number = {05},
	pages = {086--086},
	author = {Gavin P Salam and Gr{\'{e}}gory Soyez},
	title = {A practical seedless infrared-safe cone jet algorithm},
	eprint         = "0704.0292",
	archivePrefix  = "arXiv",
	primaryClass   = "hep-ph",
	journal = {JHEP},
}

@article{Dokshitzer:1997in,
	author         = "Dokshitzer, Yuri L. and Leder, G. D. and Moretti, S. and Webber, B. R.",
	title          = "{Better jet clustering algorithms}",
	journal        = "JHEP",
	volume         = "08",
	year           = "1997",
	pages          = "001",
	doi            = "10.1088/1126-6708/1997/08/001",
	eprint         = "hep-ph/9707323",
	archivePrefix  = "arXiv",
	reportNumber   = "CAVENDISH-HEP-97-06",
	SLACcitation   = "%%CITATION = HEP-PH/9707323;%%"
}

@article{Catani:1993hr,
	author         = "Catani, S. and Dokshitzer, Yuri L. and Seymour, M. H. and Webber, B. R.",
	title          = "{Longitudinally invariant $K_t$ clustering algorithms for hadron hadron collisions}",
	journal        = "Nucl. Phys. B",
	volume         = "406",
	year           = "1993",
	pages          = "187-224",
	doi            = "10.1016/0550-3213(93)90166-M",
	reportNumber   = "CERN-TH-6775-93, LU-TP-93-2",
	SLACcitation   = "%%CITATION = NUPHA,B406,187;%%"
}

@article{Chatrchyan:2012nia,
	title          = "{Jet momentum dependence of jet quenching in PbPb collisions at $\sqrtsnn =2.76$ TeV}",
	author  = "{CMS Collaboration}",
	journal        = "Phys. Lett. B",
	volume         = "712",
	year           = "2012",
	pages          = "176-197",
	doi            = "10.1016/j.physletb.2012.04.058",
	eprint         = "1202.5022",
	archivePrefix  = "arXiv",
	primaryClass   = "nucl-ex",
	reportNumber   = "CMS-HIN-11-013, CERN-PH-EP-2012-042",
	SLACcitation   = "%%CITATION = ARXIV:1202.5022;%%"
}

@article{Guo:2000nz,
	author         = "Guo, Xiao-Feng and Wang, Xin-Nian",
	title          = "{Multiple scattering, parton energy loss and modified fragmentation functions in deeply inelastic eA scattering}",
	journal        = "Phys. Rev. Lett.",
	volume         = "85",
	year           = "2000",
	pages          = "3591-3594",
	doi            = "10.1103/PhysRevLett.85.3591",
	eprint         = "hep-ph/0005044",
	archivePrefix  = "arXiv",
	reportNumber   = "LBNL-45631, LBL-45631",
	SLACcitation   = "%%CITATION = HEP-PH/0005044;%%"
}

@article{Arnold:2001ba,
	author         = "Arnold, Peter Brockway and Moore, Guy D. and Yaffe, Laurence G.",
	title          = "{Photon emission from ultrarelativistic plasmas}",
	journal        = "JHEP",
	volume         = "11",
	year           = "2001",
	pages          = "057",
	doi            = "10.1088/1126-6708/2001/11/057",
	eprint         = "hep-ph/0109064",
	archivePrefix  = "arXiv",
	reportNumber   = "UW-PT-01-21",
	SLACcitation   = "%%CITATION = HEP-PH/0109064;%%"
}

@article{Wiedemann:2000za,
	author         = "Wiedemann, Urs Achim",
	title          = "{Gluon radiation off hard quarks in a nuclear environment: Opacity expansion}",
	journal        = "Nucl. Phys. B",
	volume         = "588",
	year           = "2000",
	pages          = "303-344",
	doi            = "10.1016/S0550-3213(00)00457-0",
	eprint         = "hep-ph/0005129",
	archivePrefix  = "arXiv",
	SLACcitation   = "%%CITATION = HEP-PH/0005129;%%"
}

@article{Gyulassy:1999zd,
	author         = "Gyulassy, Miklos and Levai, Peter and Vitev, Ivan",
	title          = "{Jet quenching in thin quark gluon plasmas. 1. Formalism}",
	journal        = "Nucl. Phys. B",
	volume         = "571",
	year           = "2000",
	pages          = "197-233",
	doi            = "10.1016/S0550-3213(99)00713-0",
	eprint         = "hep-ph/9907461",
	archivePrefix  = "arXiv",
	SLACcitation   = "%%CITATION = HEP-PH/9907461;%%"
}


@article{BAIER1997291,
	title = "Radiative energy loss of high energy quarks and gluons in a finite-volume quark-gluon plasma",
	journal = "Nucl. Phys. B",
	volume = "483",
	number = "1",
	pages = "291 - 320",
	year = "1997",
	issn = "0550-3213",
	doi = "https://doi.org/10.1016/S0550-3213(96)00553-6",
	url = "http://www.sciencedirect.com/science/article/pii/S0550321396005536",
	author = "R. Baier and Yu.L. Dokshitzer and A.H. Mueller and S. Peigné and D. Schiff",
}
@article{Saito:1985ct,
	author         = "Saito, Koichi and Uchiyama, Toshihiro",
	title          = "{Effect of the Fermi Motion on Nuclear Structure Functions and the EMC Effect}",
	journal        = "Z. Phys. A",
	volume         = "322",
	year           = "1985",
	pages          = "299",
	doi            = "10.1007/BF01411895",
	reportNumber   = "Print-85-0377 (TOHOKU)",
	SLACcitation   = "%%CITATION = ZEPYA,A322,299;%%"
}

@article{PhysRevC.85.047301,
	title = {New data strengthen the connection between short range correlations and the EMC effect},
	author = {Hen, O. and Piasetzky, E. and Weinstein, L. B.},
	journal = {Phys. Rev. C},
	volume = {85},
	number = {4},
	pages = {047301},
	numpages = {4},
	year = {2012},
	month = {Apr},
	eprint         = "1202.3452",
	archivePrefix  = "arXiv",
	primaryClass   = "nucl-ex",
	publisher = {American Physical Society},
	doi = {10.1103/PhysRevC.85.047301},
	url = {https://link.aps.org/doi/10.1103/PhysRevC.85.047301}
}

@article{RevModPhys.89.045002,
	title = {Nucleon-nucleon correlations, short-lived excitations, and the quarks within},
	author = {Hen, Or and Miller, Gerald A. and Piasetzky, Eli and Weinstein, Lawrence B.},
	journal = {Rev. Mod. Phys.},
	volume = {89},
	number = {4},
	pages = {045002},
	numpages = {49},
	year = {2017},
	month = {Nov},
	publisher = {American Physical Society},
	doi = {10.1103/RevModPhys.89.045002},
	url = {https://link.aps.org/doi/10.1103/RevModPhys.89.045002}
}


@article{AUBERT1983275,
	title = "The ratio of the nucleon structure functions F2N for iron and deuterium",
	journal = "Phys. Lett. B",
	volume = "123",
	number = "3",
	pages = "275 - 278",
	year = "1983",
	issn = "0370-2693",
	doi = "https://doi.org/10.1016/0370-2693(83)90437-9",
	url = "http://www.sciencedirect.com/science/article/pii/0370269383904379",
	author = "{European Muon Collaboration}",
}

@article{PhysRevLett.64.1342,
	title = {Shadowing and antishadowing of nuclear structure functions},
	author = {Brodsky, Stanley J. and Lu, Hung Jung},
	journal = {Phys. Rev. Lett.},
	volume = {64},
	number = {12},
	pages = {1342--1345},
	numpages = {0},
	year = {1990},
	month = {Mar},
	publisher = {American Physical Society},
	doi = {10.1103/PhysRevLett.64.1342},
	url = {https://link.aps.org/doi/10.1103/PhysRevLett.64.1342}
}


@article{Eskola_2009,
	author         = "Eskola, K. J. and Paukkunen, H. and Salgado, C. A.",
	title          = "{EPS09: A New Generation of NLO and LO Nuclear Parton Distribution Functions}",
	journal        = "JHEP",
	volume         = "04",
	year           = "2009",
	pages          = "065",
	doi            = "10.1088/1126-6708/2009/04/065",
	eprint         = "0902.4154",
	archivePrefix  = "arXiv",
	primaryClass   = "hep-ph",
	SLACcitation   = "%%CITATION = ARXIV:0902.4154;%%"
}

@article{PhysRevD.69.074028,
	title = {Nuclear parton distributions at next to leading order},
	author = {de Florian, D. and Sassot, R.},
	journal = {Phys. Rev. D},
	volume = {69},
	number = {7},
	pages = {074028},
	numpages = {9},
	year = {2004},
	month = {Apr},
	eprint         = "hep-ph/0311227",
	archivePrefix  = "arXiv",
	publisher = {American Physical Society},
	doi = {10.1103/PhysRevD.69.074028},
	url = {https://link.aps.org/doi/10.1103/PhysRevD.69.074028}
}


@article{PhysRevC.76.065207,
	title = {Determination of nuclear parton distribution functions and their uncertainties at next-to-leading order},
	author = {Hirai, M. and Kumano, S. and Nagai, T.-H.},
	journal = {Phys. Rev. C},
	volume = {76},
	number = {6},
	pages = {065207},
	numpages = {16},
	year = {2007},
	month = {Dec},
	eprint         = "0709.3038",
	archivePrefix  = "arXiv",
	primaryClass   = "hep-ph",
	publisher = {American Physical Society},
	doi = {10.1103/PhysRevC.76.065207},
	url = {https://link.aps.org/doi/10.1103/PhysRevC.76.065207}
}



@article{201667,
	title = "Charged-particle distributions in s=13 TeV pp interactions measured with the ATLAS detector at the LHC",
	journal = "Phys. Lett. B",
	volume = "758",
	pages = "67 - 88",
	year = "2016",
	issn = "0370-2693",
	doi = "https://doi.org/10.1016/j.physletb.2016.04.050",
	url = "http://www.sciencedirect.com/science/article/pii/S037026931630123X",
	author = "{ATLAS Collaboration}",
}

@article{Aaboud:2017wsi,
	author         = "{ATLAS Collaboration}",
	title          = "{Measurement of inclusive jet and dijet cross-sections in proton-proton collisions at $\sqrt{s}=13$ TeV with the ATLAS detector}",
	collaboration  = "ATLAS",
	journal        = "JHEP",
	volume         = "05",
	year           = "2018",
	pages          = "195",
	doi            = "10.1007/JHEP05(2018)195",
	eprint         = "1711.02692",
	archivePrefix  = "arXiv",
	primaryClass   = "hep-ex",
	reportNumber   = "CERN-EP-2017-157",
	SLACcitation   = "%%CITATION = ARXIV:1711.02692;%%"
}

@article{Martin2009,
	author         = "Martin, A. D. and Stirling, W. J. and Thorne, R. S. and Watt, G.",
	title          = "{Parton distributions for the LHC}",
	journal        = "Eur. Phys. J. C",
	volume         = "63",
	year           = "2009",
	pages          = "189-285",
	doi            = "10.1140/epjc/s10052-009-1072-5",
	eprint         = "0901.0002",
	archivePrefix  = "arXiv",
	primaryClass   = "hep-ph",
	reportNumber   = "IPPP-08-95, DCPT-08-190, CAVENDISH-HEP-08-16",
	SLACcitation   = "%%CITATION = ARXIV:0901.0002;%%"
}



@article{Dokshitzer:1977sg,
	author         = "Dokshitzer, Yuri L.",
	title          = "{Calculation of the Structure Functions for Deep Inelastic Scattering and e+ e- Annihilation by Perturbation Theory in Quantum Chromodynamics.}",
	journal        = "Sov. Phys. JETP",
	volume         = "46",
	year           = "1977",
	pages          = "641-653",
	note           = "[Zh. Eksp. Teor. Fiz.73,1216(1977)]",
	SLACcitation   = "%%CITATION = SPHJA,46,641;%%"
}

@article{Gribov:1972ri,
	author         = "Gribov, V. N. and Lipatov, L. N.",
	title          = "{Deep inelastic e p scattering in perturbation theory}",
	journal        = "Sov. J. Nucl. Phys.",
	volume         = "15",
	year           = "1972",
	pages          = "438-450",
	note           = "[Yad. Fiz.15,781(1972)]",
	reportNumber   = "IPTI-381-71",
	SLACcitation   = "%%CITATION = SJNCA,15,438;%%"
}

@article{ALTARELLI1977298,
	title = "Asymptotic freedom in parton language",
	journal = "Nucl. Phys. B",
	volume = "126",
	number = "2",
	pages = "298 - 318",
	year = "1977",
	issn = "0550-3213",
	doi = "https://doi.org/10.1016/0550-3213(77)90384-4",
	url = "http://www.sciencedirect.com/science/article/pii/0550321377903844",
	author = "G. Altarelli and G. Parisi",
}


@article{PhysRevLett.39.1436,
	title = {Jets from Quantum Chromodynamics},
	author = {Sterman, George and Weinberg, Steven},
	journal = {Phys. Rev. Lett.},
	volume = {39},
	number = {23},
	pages = {1436--1439},
	numpages = {0},
	year = {1977},
	month = {Dec},
	publisher = {American Physical Society},
	doi = {10.1103/PhysRevLett.39.1436},
	url = {https://link.aps.org/doi/10.1103/PhysRevLett.39.1436}
}


@article{Muller:2012zq,
	author         = "Muller, Berndt and Schukraft, Jurgen and Wyslouch, Boleslaw",
	title          = "{First Results from Pb+Pb collisions at the LHC}",
	journal        = "Ann. Rev. Nucl. Part. Sci.",
	volume         = "62",
	year           = "2012",
	pages          = "361-386",
	doi            = "10.1146/annurev-nucl-102711-094910",
	eprint         = "1202.3233",
	archivePrefix  = "arXiv",
	primaryClass   = "hep-ex",
	reportNumber   = "CERN-OPEN-2012-005",
	SLACcitation   = "%%CITATION = ARXIV:1202.3233;%%"
}

@article{Adcox:2004mh,
	author         = "{PHENIX Collaboration}",
	title          = "{Formation of dense partonic matter in relativistic nucleus-nucleus collisions at RHIC: Experimental evaluation by the PHENIX collaboration}",
	collaboration  = "PHENIX",
	journal        = "Nucl. Phys. A",
	volume         = "757",
	year           = "2005",
	pages          = "184-283",
	doi            = "10.1016/j.nuclphysa.2005.03.086",
	eprint         = "nucl-ex/0410003",
	archivePrefix  = "arXiv",
	SLACcitation   = "%%CITATION = NUCL-EX/0410003;%%"
}

@article{Krajcz_r_2011,
	doi = {10.1088/0954-3899/38/12/124041},
	url = {https://doi.org/10.1088%2F0954-3899%2F38%2F12%2F124041},
	year = 2011,
	month = {nov},
	publisher = {{IOP} Publishing},
	volume = {38},
	number = {12},
	pages = {124041},
	author = "{CMS Collaboration}",
	title = {Charged hadron multiplicity and transverse energy densities in {PbPb} collisions from {CMS}},
	journal = {J. Phys. G},
}

@article{PhysRevD.27.140,
	title = {Highly relativistic nucleus-nucleus collisions: The central rapidity region},
	author = {Bjorken, J. D.},
	journal = {Phys. Rev. D},
	volume = {27},
	number = {1},
	pages = {140--151},
	numpages = {0},
	year = {1983},
	month = {Jan},
	publisher = {American Physical Society},
	doi = {10.1103/PhysRevD.27.140},
	url = {https://link.aps.org/doi/10.1103/PhysRevD.27.140}
}


@article{Heinz:2013th,
	author         = "Heinz, Ulrich and Snellings, Raimond",
	title          = "{Collective flow and viscosity in relativistic heavy-ion collisions}",
	journal        = "Ann. Rev. Nucl. Part. Sci.",
	volume         = "63",
	year           = "2013",
	pages          = "123-151",
	doi            = "10.1146/annurev-nucl-102212-170540",
	eprint         = "1301.2826",
	archivePrefix  = "arXiv",
	primaryClass   = "nucl-th",
	SLACcitation   = "%%CITATION = ARXIV:1301.2826;%%"
}

@article{Sirunyan:2017fts,
	author         = "{CMS Collaboration}",
	title          = "{Non-Gaussian elliptic-flow fluctuations in PbPb collisions at $\sqrtsnn = 5.02$ TeV}",
	collaboration  = "CMS",
	journal        = "Phys. Lett. B",
	volume         = "789",
	year           = "2019",
	pages          = "643-665",
	doi            = "10.1016/j.physletb.2018.11.063",
	eprint         = "1711.05594",
	archivePrefix  = "arXiv",
	primaryClass   = "nucl-ex",
	reportNumber   = "CMS-HIN-16-019, CERN-EP-2017-268",
	SLACcitation   = "%%CITATION = ARXIV:1711.05594;%%"
}

@article{Poskanzer:1998yz,
	author         = "Poskanzer, Arthur M. and Voloshin, S. A.",
	title          = "{Methods for analyzing anisotropic flow in relativistic nuclear collisions}",
	journal        = "Phys. Rev. C",
	volume         = "58",
	year           = "1998",
	pages          = "1671-1678",
	doi            = "10.1103/PhysRevC.58.1671",
	eprint         = "nucl-ex/9805001",
	archivePrefix  = "arXiv",
	SLACcitation   = "%%CITATION = NUCL-EX/9805001;%%"
}

@Article{Khachatryan2016,
	author         = "{CMS Collaboration}",
	title          = "{Measurement of transverse momentum relative to dijet systems in PbPb and pp collisions at $ \sqrtsnn =2.76 $ TeV}",
	collaboration  = "CMS",
	journal        = "JHEP",
	volume         = "01",
	year           = "2016",
	pages          = "006",
	doi            = "10.1007/JHEP01(2016)006",
	eprint         = "1509.09029",
	archivePrefix  = "arXiv",
	primaryClass   = "nucl-ex",
	reportNumber   = "CMS-HIN-14-010, CERN-PH-EP-2015-260",
	SLACcitation   = "%%CITATION = ARXIV:1509.09029;%%"
}



@techreport{ATLAS:2017wvp,
	author         = "{ATLAS Collaboration}",
	title          = "{Study of inclusive jet yields in Pb+Pb collisions at $\sqrtsnn = 5.02$ TeV}",
	collaboration  = "ATLAS",
	year           = "2017",
	reportNumber   = "ATLAS-CONF-2017-009",
	SLACcitation   = "%%CITATION = ATLAS-CONF-2017-009;%%"
}


@article{Sjostrand:2007gs,
	author         = "Sjostrand, Torbjorn and Mrenna, Stephen and Skands, Peter Z.",
	title          = "{A Brief Introduction to PYTHIA 8.1}",
	journal        = "Comput. Phys. Commun.",
	volume         = "178",
	year           = "2008",
	pages          = "852-867",
	doi            = "10.1016/j.cpc.2008.01.036",
	eprint         = "0710.3820",
	archivePrefix  = "arXiv",
	primaryClass   = "hep-ph",
	reportNumber   = "CERN-LCGAPP-2007-04, LU-TP-07-28, FERMILAB-PUB-07-512-CD-T",
	SLACcitation   = "%%CITATION = ARXIV:0710.3820;%%"
}

@article{Aad:2013xma,
	author         = "{ATLAS Collaboration}",
	title          = "{Measurement of the distributions of event-by-event flow harmonics in lead-lead collisions at = 2.76 TeV with the ATLAS detector at the LHC}",
	collaboration  = "ATLAS",
	journal        = "JHEP",
	volume         = "11",
	year           = "2013",
	pages          = "183",
	doi            = "10.1007/JHEP11(2013)183",
	eprint         = "1305.2942",
	archivePrefix  = "arXiv",
	primaryClass   = "hep-ex",
	reportNumber   = "CERN-PH-EP-2013-04",
	SLACcitation   = "%%CITATION = ARXIV:1305.2942;%%"
}

@article{ALICE:2011ab,
	author         = "{ALICE Collaboration}",
	title          = "{Higher harmonic anisotropic flow measurements of charged particles in Pb-Pb collisions at $\sqrtsnn =2.76$ TeV}",
	collaboration  = "ALICE",
	journal        = "Phys. Rev. Lett.",
	volume         = "107",
	year           = "2011",
	pages          = "032301",
	doi            = "10.1103/PhysRevLett.107.032301",
	eprint         = "1105.3865",
	archivePrefix  = "arXiv",
	primaryClass   = "nucl-ex",
	reportNumber   = "CERN-PH-EP-2011-073",
	SLACcitation   = "%%CITATION = ARXIV:1105.3865;%%"
}

@article{Niemi:2015qia,
	author         = "Niemi, H. and Eskola, K. J. and Paatelainen, R.",
	title          = "{Event-by-event fluctuations in a perturbative QCD + saturation + hydrodynamics model: Determining QCD matter shear viscosity in ultrarelativistic heavy-ion collisions}",
	journal        = "Phys. Rev. C",
	volume         = "93",
	year           = "2016",
	number         = "2",
	pages          = "024907",
	doi            = "10.1103/PhysRevC.93.024907",
	eprint         = "1505.02677",
	archivePrefix  = "arXiv",
	primaryClass   = "hep-ph",
	SLACcitation   = "%%CITATION = ARXIV:1505.02677;%%"
}

@article{Ackermann:2000tr,
	author         = "{STAR Collaboration}",
	title          = "{Elliptic flow in Au + Au collisions at $\sqrtsnn  = 130$ GeV}",
	collaboration  = "STAR",
	journal        = "Phys. Rev. Lett.",
	volume         = "86",
	year           = "2001",
	pages          = "402-407",
	doi            = "10.1103/PhysRevLett.86.402",
	eprint         = "nucl-ex/0009011",
	archivePrefix  = "arXiv",
	SLACcitation   = "%%CITATION = NUCL-EX/0009011;%%"
}

@article{Foka:2016vta,
	author         = "Foka, Panagiota and Janik, Małgorzata Anna",
	title          = "{An overview of experimental results from ultra-relativistic heavy-ion collisions at the CERN LHC: Bulk properties and dynamical evolution}",
	journal        = "Rev. Phys.",
	volume         = "1",
	year           = "2016",
	pages          = "154-171",
	doi            = "10.1016/j.revip.2016.11.002",
	eprint         = "1702.07233",
	archivePrefix  = "arXiv",
	primaryClass   = "hep-ex",
	SLACcitation   = "%%CITATION = ARXIV:1702.07233;%%"
}

@article{Chatrchyan:2013kba, 
	author         = "{CMS Collaboration}",
	title          = "{Measurement of higher-order harmonic azimuthal anisotropy in PbPb collisions at $\sqrtsnn = 2.76$ TeV}",
	collaboration  = "CMS",
	journal        = "Phys. Rev. C",
	volume         = "89",
	year           = "2014",
	number         = "4",
	pages          = "044906",
	doi            = "10.1103/PhysRevC.89.044906",
	eprint         = "1310.8651",
	archivePrefix  = "arXiv",
	primaryClass   = "nucl-ex",
	reportNumber   = "CMS-HIN-11-005, CERN-PH-EP-2013-196",
	SLACcitation   = "%%CITATION = ARXIV:1310.8651;%%"
}

@article{Adams:2003am, 
	author         = "{STAR Collaboration}",
	title          = "{Particle type dependence of azimuthal anisotropy and nuclear modification of particle production in Au + Au collisions at $\sqrtsnn  = 200$ GeV}",
	collaboration  = "STAR",
	journal        = "Phys. Rev. Lett.",
	volume         = "92",
	year           = "2004",
	pages          = "052302",
	doi            = "10.1103/PhysRevLett.92.052302",
	eprint         = "nucl-ex/0306007",
	archivePrefix  = "arXiv",
	SLACcitation   = "%%CITATION = NUCL-EX/0306007;%%"
}

@article{Ollitrault:2009ie,
	author         = "Ollitrault, Jean-Yves and Poskanzer, Arthur M. and Voloshin, Sergei A.",
	title          = "{Effect of flow fluctuations and nonflow on elliptic flow methods}",
	journal        = "Phys. Rev. C",
	volume         = "80",
	year           = "2009",
	pages          = "014904",
	doi            = "10.1103/PhysRevC.80.014904",
	eprint         = "0904.2315",
	archivePrefix  = "arXiv",
	primaryClass   = "nucl-ex",
	SLACcitation   = "%%CITATION = ARXIV:0904.2315;%%"
}

@article{PhysRevLett.34.1353,
	title = {Superdense Matter: Neutrons or Asymptotically Free Quarks?},
	author = {Collins, J. C. and Perry, M. J.},
	journal = {Phys. Rev. Lett.},
	volume = {34},
	number = {21},
	pages = {1353--1356},
	numpages = {0},
	year = {1975},
	month = {May},
	publisher = {American Physical Society},
	doi = {10.1103/PhysRevLett.34.1353},
	url = {https://link.aps.org/doi/10.1103/PhysRevLett.34.1353}
}


@article{Linde_1979,
	doi = {10.1088/0034-4885/42/3/001},
	url = {https://doi.org/10.1088%2F0034-4885%2F42%2F3%2F001},
	year = 1979,
	month = {mar},
	publisher = {{IOP} Publishing},
	volume = {42},
	number = {3},
	pages = {389--437},
	author = {A D Linde},
	title = {Phase transitions in gauge theories and cosmology},
	journal = "Rept. Prog. Phys.",
}


@phdthesis{vanderSchee:2014qwa,
	author         = "van der Schee, Wilke",
	title          = "{Gravitational collisions and the quark-gluon plasma}",
	school         = "Utrecht U.",
	year           = "2014",
	url            = "http://dspace.library.uu.nl/handle/1874/294809",
	eprint         = "1407.1849",
	archivePrefix  = "arXiv",
	primaryClass   = "hep-th",
	SLACcitation   = "%%CITATION = ARXIV:1407.1849;%%"
}

@booklet{Perepelitsa:2212936,
	author        = "Perepelitsa, Dennis and Steinberg, Peter and Zhou, Mingliang and Radhakrishnan, Sooraj Krishnan and Tapia Araya, Sebastian",
	title         = "{Centrality determination in $\sqrtsnn = 5.02$ TeV Pb+Pb collision data in 2015}",
	note          = "ATL-COM-PHYS-2016-1287",
	reportNumber  = "ATL-COM-PHYS-2016-1287",
	url           = "https://cds.cern.ch/record/2212936",
}

@article{Bialas:1976ed,
	author         = "Bialas, A. and Bleszynski, M. and Czyz, W.",
	title          = "{Multiplicity Distributions in Nucleus-Nucleus Collisions at High-Energies}",
	journal        = "Nucl. Phys. B",
	volume         = "111",
	year           = "1976",
	pages          = "461-476",
	doi            = "10.1016/0550-3213(76)90329-1",
	reportNumber   = "TPJU-9/76",
	SLACcitation   = "%%CITATION = NUPHA,B111,461;%%"
}

@article{Kharzeev:2000ph, 
	author         = "Kharzeev, Dmitri and Nardi, Marzia",
	title          = "{Hadron production in nuclear collisions at RHIC and high density QCD}",
	journal        = "Phys. Lett. B",
	volume         = "507",
	year           = "2001",
	pages          = "121-128",
	doi            = "10.1016/S0370-2693(01)00457-9",
	eprint         = "nucl-th/0012025",
	archivePrefix  = "arXiv",
	SLACcitation   = "%%CITATION = NUCL-TH/0012025;%%"
}

@article{DEVRIES1987495,
	title = "Nuclear charge-density-distribution parameters from elastic electron scattering",
	journal = "At. Data Nucl. Data Tables",
	volume = "36",
	number = "3",
	pages = "495 - 536",
	year = "1987",
	doi = "10.1016/0092-640X(87)90013-1",
	url = "http://www.sciencedirect.com/science/article/pii/0092640X87900131",
	author = "H. De Vries and C.W. De Jager and C. De Vries",
}

@article{glauberArticle,
	title={Lectures in theoretical physics, ed. WE Brittin and LG Dunham},
	author={Glauber, RJ},
	journal={Interscience, New York},
	volume={1},
	pages={315},
	year={1959}
}

@article{Alver:2008aq,
	author         = "Alver, B. and Baker, M. and Loizides, C. and Steinberg, P.",
	title          = "{The PHOBOS Glauber Monte Carlo}",
	year           = "2008",
	eprint         = "0805.4411",
	archivePrefix  = "arXiv",
	primaryClass   = "nucl-ex",
	SLACcitation   = "%%CITATION = ARXIV:0805.4411;%%"
}

@article{doi:10.1146/annurev.nucl.57.090506.123020,
	author = {Miller, Michael L. and Reygers, Klaus and Sanders, Stephen J. and Steinberg, Peter},
	title = {Glauber Modeling in High-Energy Nuclear Collisions},
	journal = {Ann. Rev. Nucl. Part. Sci.},
	volume = {57},
	number = {1},
	pages = {205-243},
	year = {2007},
	doi = {10.1146/annurev.nucl.57.090506.123020},
	url = {https://doi.org/10.1146/annurev.nucl.57.090506.123020},
noeprint = {https://doi.org/10.1146/annurev.nucl.57.090506.123020},
}


@article{PhysRevLett.116.132302,
	title          = "{Anisotropic flow of charged particles in Pb-Pb collisions at $\sqrtsnn =5.02$ TeV}",
	author  = "{ALICE Collaboration}",
	journal        = "Phys. Rev. Lett.",
	volume         = "116",
	year           = "2016",
	number         = "13",
	pages          = "132302",
	doi            = "10.1103/PhysRevLett.116.132302",
	eprint         = "1602.01119",
	archivePrefix  = "arXiv",
	primaryClass   = "nucl-ex",
	reportNumber   = "CERN-EP-2016-018",
	SLACcitation   = "%%CITATION = ARXIV:1602.01119;%%"
}}



@article{PhysRevC.89.044906,
	title = {Measurement of higher-order harmonic azimuthal anisotropy in PbPb collisions at $\sqrtsnn =2.76$ TeV},
	author = "{CMS Collaboration}",
	collaboration = {CMS Collaboration},
	journal = {Phys. Rev. C},
	volume = {89},
	number = {4},
	pages = {044906},
	numpages = {31},
	year = {2014},
	month = {Apr},
	publisher = {American Physical Society},
	doi = {10.1103/PhysRevC.89.044906},
	url = {https://link.aps.org/doi/10.1103/PhysRevC.89.044906}
}


@article{PhysRevLett.98.242302,
	title = {System Size, Energy, Pseudorapidity, and Centrality Dependence of Elliptic Flow},
	author = "{PHOBOS Collaboration}",
	journal = {Phys. Rev. Lett.},
	volume = {98},
	number = {24},
	pages = {242302},
	numpages = {5},
	year = {2007},
	month = {Jun},
	publisher = {American Physical Society},
	doi = {10.1103/PhysRevLett.98.242302},
	url = {https://link.aps.org/doi/10.1103/PhysRevLett.98.242302}
}


@article{PhysRevLett.91.182301, 
	title = {Elliptic Flow of Identified Hadrons in \AuAu\ Collisions at $\sqrtsnn = 200$ GeV},
	author = "{PHENIX Collaboration}",
	collaboration = {PHENIX Collaboration},
	journal = {Phys. Rev. Lett.},
	volume = {91},
	number = {18},
	pages = {182301},
	numpages = {6},
	year = {2003},
	month = {Oct},
	publisher = {American Physical Society},
	doi = {10.1103/PhysRevLett.91.182301},
	url = {https://link.aps.org/doi/10.1103/PhysRevLett.91.182301}
}



@article{PhysRevLett.87.182301, 
	title = {Identified Particle Elliptic Flow in $Au+Au$ Collisions at $\sqrtsnn =130$ GeV},
	author = "{STAR Collaboration}",
	collaboration = {STAR Collaboration},
	journal = {Phys. Rev. Lett.},
	volume = {87},
	number = {18},
	pages = {182301},
	numpages = {6},
	year = {2001},
	month = {Oct},
	publisher = {American Physical Society},
	doi = {10.1103/PhysRevLett.87.182301},
	url = {https://link.aps.org/doi/10.1103/PhysRevLett.87.182301}
}




@article{PhysRevC.90.024908, 
	title = {Measurement of jet fragmentation in PbPb and $pp$ collisions at $\sqrtsnn =2.76$ TeV},
	author = "{CMS Collaboration}",
	collaboration = {CMS Collaboration},
	journal = {Phys. Rev. C},
	volume = {90},
	number = {2},
	pages = {024908},
	numpages = {20},
	year = {2014},
	month = {Aug},
	publisher = {American Physical Society},
	doi = {10.1103/PhysRevC.90.024908},
	url = {https://link.aps.org/doi/10.1103/PhysRevC.90.024908}
}


@article{Aaboud:2018ves,
	author         = "{ATLAS Collaboration}",
	title          = "{Measurement of the azimuthal anisotropy of charged particles produced in $\sqrtsnn = 5.02 $ TeV \pbpb\ collisions with the ATLAS detector}",
	collaboration  = "ATLAS",
	journal        = "Eur. Phys. J. C",
	volume         = "78",
	year           = "2018",
	number         = "12",
	pages          = "997",
	doi            = "10.1140/epjc/s10052-018-6468-7",
	eprint         = "1808.03951",
	archivePrefix  = "arXiv",
	primaryClass   = "nucl-ex",
	reportNumber   = "CERN-EP-2018-194",
	SLACcitation   = "%%CITATION = ARXIV:1808.03951;%%"
}

@article{ATLAS:2011ah,
	author         = "{ATLAS Collaboration}",
	title          = "{Measurement of the pseudorapidity and transverse momentum dependence of the elliptic flow of charged particles in lead-lead collisions at $\sqrtsnn = 2.76$ TeV with the ATLAS detector}",
	collaboration  = "ATLAS",
	journal        = "Phys. Lett. B",
	volume         = "707",
	year           = "2012",
	pages          = "330-348",
	doi            = "10.1016/j.physletb.2011.12.056",
	eprint         = "1108.6018",
	archivePrefix  = "arXiv",
	primaryClass   = "hep-ex",
	reportNumber   = "CERN-PH-EP-2011-124",
	SLACcitation   = "%%CITATION = ARXIV:1108.6018;%%"
}

@Article{Aad2014, 
	author="{ATLAS Collaboration}",
	title          = "{Measurement of flow harmonics with multi-particle cumulants in Pb+Pb collisions at $\sqrtsnn = 2.76$  TeV with the ATLAS detector}",
	collaboration  = "ATLAS",
	journal        = "Eur. Phys. J. C",
	volume         = "74",
	year           = "2014",
	number         = "11",
	pages          = "3157",
	doi            = "10.1140/epjc/s10052-014-3157-z",
	eprint         = "1408.4342",
	archivePrefix  = "arXiv",
	primaryClass   = "hep-ex",
	reportNumber   = "CERN-PH-EP-2014-171",
	SLACcitation   = "%%CITATION = ARXIV:1408.4342;%%"
}


@article{PhysRevC.88.044910,
	title = {Centrality dependence of $\ensuremath{\pi}$, $K$, and $p$ production in Pb-Pb collisions at $\sqrtsnn = 2.76$ TeV},
	author = "{ALICE Collaboration}",
	collaboration = {ALICE Collaboration},
	journal = {Phys. Rev. C},
	volume = {88},
	number = {4},
	pages = {044910},
	numpages = {23},
	eprint         = "1303.0737",
	archivePrefix  = "arXiv",
	primaryClass   = "hep-ex",
	year = {2013},
	month = {Oct},
	publisher = {American Physical Society},
	doi = {10.1103/PhysRevC.88.044910},
	url = {https://link.aps.org/doi/10.1103/PhysRevC.88.044910}
}


@article{PhysRevC.75.024910,
	title = {Identified hadron transverse momentum spectra in Au+Au collisions at $\sqrtsnn = 62.4$ GeV},
	author = "{PHOBOS Collaboration}",
	collaboration = {PHOBOS Collaboration},
	journal = {Phys. Rev. C},
	volume = {75},
	number = {2},
	pages = {024910},
	numpages = {14},
	year = {2007},
	eprint         = "nucl-ex/0610001",
	archivePrefix  = "arXiv",
	month = {Feb},
	publisher = {American Physical Society},
	doi = {10.1103/PhysRevC.75.024910},
	url = {https://link.aps.org/doi/10.1103/PhysRevC.75.024910}
}


@article{PhysRevC.72.014908,
	title = {Centrality dependent particle production at $y=0$ and $y\sim 1$ in \AuAu\ collisions at $\sqrtsnn =  200$ GeV},
	author = "{BRAHMS Collaboration}",
	collaboration = {BRAHMS Collaboration},
	journal = {Phys. Rev. C},
	volume = {72},
	number = {1},
	pages = {014908},
	numpages = {9},
	year = {2005},
	month = {Jul},
	eprint         = "nucl-ex/0503010",
	archivePrefix  = "arXiv",
	publisher = {American Physical Society},
	doi = {10.1103/PhysRevC.72.014908},
	url = {https://link.aps.org/doi/10.1103/PhysRevC.72.014908}
}



@article{PhysRevC.69.024904,
	title = {Single identified hadron spectra from $\sqrtsnn =130$ GeV \AuAu\ collisions},
	author = "{PHENIX Collaboration}",
	collaboration = {PHENIX Collaboration},
	journal = {Phys. Rev. C},
	volume = {69},
	number = {2},
	pages = {024904},
	numpages = {29},
	year = {2004},
	month = {Feb},
	eprint         = "nucl-ex/0307010",
	archivePrefix  = "arXiv",
	publisher = {American Physical Society},
	doi = {10.1103/PhysRevC.69.024904},
	url = {https://link.aps.org/doi/10.1103/PhysRevC.69.024904}
}



@article{PhysRevC.93.024917,
	title = {Production of light nuclei and anti-nuclei in $pp$ and Pb-Pb collisions at energies available at the CERN Large Hadron Collider},
	author = "{ALICE Collaboration}",
	collaboration  = "ALICE",
	journal        = "Phys. Rev. C",
	volume         = "93",
	year           = "2016",
	number         = "2",
	pages          = "024917",
	doi            = "10.1103/PhysRevC.93.024917",
	eprint         = "1506.08951",
	archivePrefix  = "arXiv",
	primaryClass   = "nucl-ex",
	reportNumber   = "CERN-PH-EP-2015-025",
	SLACcitation   = "%%CITATION = ARXIV:1506.08951;%%"
}



@article{ADAMS2005102,
	title = "Experimental and theoretical challenges in the search for the quark–gluon plasma: The STAR Collaboration's critical assessment of the evidence from RHIC collisions",
	journal = "Nucl. Phys. A",
	volume = "757",
	number = "1",
	pages = "102 - 183",
	year = "2005",
	doi = "https://doi.org/10.1016/j.nuclphysa.2005.03.085",
	url = "http://www.sciencedirect.com/science/article/pii/S0375947405005294",
	author = "{STAR Collaboration}"
}

@article{Fodor_2004,
	author         = "Fodor, Z. and Katz, S. D.",
	title          = "{Critical point of QCD at finite T and mu, lattice
results for physical quark masses}",
	journal        = "JHEP",
	volume         = "04",
	year           = "2004",
	pages          = "050",
	doi            = "10.1088/1126-6708/2004/04/050",
	eprint         = "hep-lat/0402006",
	archivePrefix  = "arXiv",
	reportNumber   = "ITP-BUDAPEST-609, WUB-04-04",
	SLACcitation   = "%%CITATION = HEP-LAT/0402006;%%"
}

@article{2016235,
	title = "Direct photon production in Pb–Pb collisions at $\sqrtsnn=2.76$ TeV",
	journal = "Phys. Lett. B",
	volume = "754",
	pages = "235 - 248",
	year = "2016",
	eprint         = "1509.07324",
	archivePrefix  = "arXiv",
	primaryClass   = "nucl-ex",
	doi = "https://doi.org/10.1016/j.physletb.2016.01.020",
	url = "http://www.sciencedirect.com/science/article/pii/S0370269316000320",
	author = "{ALICE Collaboration}"
}

@article{PhysRevLett.104.132301,
	title = {Enhanced Production of Direct Photons in \AuAu\ Collisions at $\sqrtsnn = 200 $GeV and Implications for the Initial Temperature},
	author = "{PHENIX Collaboration}",
	collaboration = {PHENIX Collaboration},
	journal = {Phys. Rev. Lett.},
	volume = {104},
	number = {13},
	pages = {132301},
	numpages = {6},
	year = {2010},
	month = {Mar},
	eprint         = "0804.4168",
	archivePrefix  = "arXiv",
	primaryClass   = "nucl-ex",
	publisher = {American Physical Society},
	doi = {10.1103/PhysRevLett.104.132301},
	url = {https://link.aps.org/doi/10.1103/PhysRevLett.104.132301}
}



@article{RevModPhys.90.025005,
	author         = "Connors, Megan and Nattrass, Christine and Reed, Rosi and
Salur, Sevil",
	title          = "{Jet measurements in heavy ion physics}",
	journal        = "Rev. Mod. Phys.",
	volume         = "90",
	year           = "2018",
	pages          = "025005",
	doi            = "10.1103/RevModPhys.90.025005",
	eprint         = "1705.01974",
	archivePrefix  = "arXiv",
	primaryClass   = "nucl-ex",
	SLACcitation   = "%%CITATION = ARXIV:1705.01974;%%"
}

@Inbook{Muller1993,
	author="M{\"u}ller, Berndt",
editor="Gutbrod, Hans H.
and Rafelski, Johann",
	title="Physics of the Quark-Gluon Plasma",
	booktitle="Particle Production in Highly Excited Matter",
	year="1993",
	publisher="Springer US",
	address="Boston, MA",
	pages="11--55",
isbn="978-1-4615-2940-8",
	doi="10.1007/978-1-4615-2940-8_2",
	url="https://doi.org/10.1007/978-1-4615-2940-8_2"
}



@article{Yagi:2005yb,
	author         = "Yagi, K. and Hatsuda, T. and Miake, Y.",
	title          = "{Quark-gluon plasma: From big bang to little bang}",
	journal        = "Camb. Monogr. Part. Phys. Nucl. Phys. Cosmol.",
	volume         = "23",
	year           = "2005",
	pages          = "1-446",
	SLACcitation   = "%%CITATION = CMPCE,23,1;%%"
}

@article{PhysRevD.72.034004,
	title = {Phase diagram of neutral quark matter: Self-consistent treatment of quark masses},
	author = {Ruster, Stefan B. and Werth, Verena and Buballa, Michael and Shovkovy, Igor A. and Rischke, Dirk H.},
	journal = {Phys. Rev. D},
	volume = {72},
	number = {3},
	pages = {034004},
	numpages = {13},
	year = {2005},
	month = {Aug},
	publisher = {American Physical Society},
	doi = {10.1103/PhysRevD.72.034004},
	url = {https://link.aps.org/doi/10.1103/PhysRevD.72.034004}
}


@article{SHURYAK198071,
	title = "Quantum chromodynamics and the theory of superdense matter",
	journal = "Phys. Rep.",
	volume = "61",
	number = "2",
	pages = "71 - 158",
	year = "1980",
	issn = "0370-1573",
	doi = "https://doi.org/10.1016/0370-1573(80)90105-2",
	url = "http://www.sciencedirect.com/science/article/pii/0370157380901052",
	author = "Edward V. Shuryak",
}

@article{Gaillard:1998ui,
	author         = "Gaillard, Mary K. and Grannis, Paul D. and Sciulli, Frank J.",
	title          = "{The Standard model of particle physics}",
	journal        = "Rev. Mod. Phys.",
	volume         = "71",
	year           = "1999",
	pages          = "S96-S111",
	doi            = "10.1103/RevModPhys.71.S96",
	eprint         = "hep-ph/9812285",
	archivePrefix  = "arXiv",
	reportNumber   = "SUNY-SB-PHYS-98-007",
	SLACcitation   = "%%CITATION = HEP-PH/9812285;%%"
}

@article{Abramowicz:2010ke,
	author         = "{ZEUS Collaboration}",
	title          = "Inclusive-jet cross sections in NC DIS at HERA and a comparison of the \kt\, \antikt\ and SIScone jet algorithms",
	collaboration  = "ZEUS",
	journal        = "Phys. Lett. B",
	volume         = "691",
	year           = "2010",
	pages          = "127-137",
	doi            = "10.1016/j.physletb.2010.06.015",
	eprint         = "1003.2923",
	archivePrefix  = "arXiv",
	primaryClass   = "hep-ex",
	reportNumber   = "DESY-10-034",
	SLACcitation   = "%%CITATION = ARXIV:1003.2923;%%"
}
@article{Abramowicz:2010cka,
	author         = "{ZEUS Collaboration}",
	title          = "{Inclusive dijet cross sections in neutral current deep inelastic scattering at HERA}",
	collaboration  = "ZEUS",
	journal        = "Eur. Phys. J. C",
	volume         = "70",
	year           = "2010",
	pages          = "965-982",
	doi            = "10.1140/epjc/s10052-010-1504-2",
	eprint         = "1010.6167",
	archivePrefix  = "arXiv",
	primaryClass   = "hep-ex",
	reportNumber   = "DESY-10-170",
	SLACcitation   = "%%CITATION = ARXIV:1010.6167;%%"
}
@article{Chekanov:2008af,
	author         = "{ZEUS Collaboration}",
	title          = "{Multi-jet cross-sections in charged current $e^\pm p$ scattering at HERA}",
	collaboration  = "ZEUS",
	journal        = "Phys. Rev. D",
	volume         = "78",
	year           = "2008",
	pages          = "032004",
	doi            = "10.1103/PhysRevD.78.032004",
	eprint         = "0802.3955",
	archivePrefix  = "arXiv",
	primaryClass   = "hep-ex",
	reportNumber   = "DESY-08-024",
	SLACcitation   = "%%CITATION = ARXIV:0802.3955;%%"
}
@article{Chekanov:2007pa,
	author         = "{ZEUS Collaboration}",
	title          = "{Forward-jet production in deep inelastic $ep$ scattering
at HERA}",
	collaboration  = "ZEUS",
	journal        = "Eur. Phys. J. C",
	volume         = "52",
	year           = "2007",
	pages          = "515-530",
	doi            = "10.1140/epjc/s10052-007-0418-0",
	eprint         = "0707.3093",
	archivePrefix  = "arXiv",
	primaryClass   = "hep-ex",
	reportNumber   = "DESY-07-100",
	SLACcitation   = "%%CITATION = ARXIV:0707.3093;%%"
}
@article{Aaron:2007xx,
	author         = "{H1 Collaboration}",
	title          = "{Three- and Four-jet Production at Low $x$ at HERA}",
	collaboration  = "H1",
	journal        = "Eur. Phys. J. C",
	volume         = "54",
	year           = "2008",
	pages          = "389-409",
	doi            = "10.1140/epjc/s10052-008-0544-3",
	eprint         = "0711.2606",
	archivePrefix  = "arXiv",
	primaryClass   = "hep-ex",
	reportNumber   = "DESY-07-200",
	SLACcitation   = "%%CITATION = ARXIV:0711.2606;%%"
}

@article{Aaron:2009vs,
	author         = "{H1 Collaboration}",
	title          = "{Jet Production in ep Collisions at High $Q^2$ and
Determination of $\alpha_s$}",
	collaboration  = "H1",
	journal        = "Eur. Phys. J. C",
	volume         = "65",
	year           = "2010",
	pages          = "363-383",
	doi            = "10.1140/epjc/s10052-009-1208-7",
	eprint         = "0904.3870",
	archivePrefix  = "arXiv",
	primaryClass   = "hep-ex",
	reportNumber   = "DESY-09-032, DESY09-032",
	SLACcitation   = "%%CITATION = ARXIV:0904.3870;%%"
}

@article{Alekhin:2012ig,
	author         = "Alekhin, S. and Blumlein, J. and Moch, S.",
	title          = "{Parton Distribution Functions and Benchmark Cross
Sections at NNLO}",
	journal        = "Phys. Rev. D",
	volume         = "86",
	year           = "2012",
	pages          = "054009",
	doi            = "10.1103/PhysRevD.86.054009",
	eprint         = "1202.2281",
	archivePrefix  = "arXiv",
	primaryClass   = "hep-ph",
	reportNumber   = "DESY-12-023, DO-TH-11-31, LPN-12-033, SFB-CPP-12-08",
	SLACcitation   = "%%CITATION = ARXIV:1202.2281;%%"
}
@article{Blumlein:2006be,
	author         = "Blumlein, Johannes and Bottcher, Helmut and Guffanti, Alberto",
	title          = "{Non-singlet QCD analysis of deep inelastic world data at $O(\alpha_s^3)$}",
	journal        = "Nucl. Phys. B",
	volume         = "774",
	year           = "2007",
	pages          = "182-207",
	doi            = "10.1016/j.nuclphysb.2007.03.035",
	eprint         = "hep-ph/0607200",
	archivePrefix  = "arXiv",
	reportNumber   = "DESY-05-012, SFB-CPP-06-33",
	SLACcitation   = "%%CITATION = HEP-PH/0607200;%%"
}

@article{Alekhin:2013nua,
	author         = "Alekhin, Sergey and Blumlein, Johannes and Moch, Sven-Olaf",
	title          = "{ABM news and benchmarks}",
	booktitle      = "{Proceedings, 21st International Workshop on Deep-Inelastic Scattering and Related Subjects (DIS 2013): Marseilles, France, April 22-26, 2013}",
	journal        = "PoS DIS",
	volume         = "2013",
	year           = "2013",
	pages          = "039",
	doi            = "10.22323/1.191.0039",
	eprint         = "1308.5166",
	archivePrefix  = "arXiv",
	primaryClass   = "hep-ph",
	reportNumber   = "DESY-13-149, DO-TH-13-21, SFB-CPP-13-58, LPN-13-057",
	SLACcitation   = "%%CITATION = ARXIV:1308.5166;%%"
}

@article{Kataev:2001kk,
	author         = "Kataev, A. L. and Parente, G. and Sidorov, A. V.",
	title          = "{Improved fits to the $xF_3$ CCFR data at the next-to-next-to-leading order and beyond}",
	journal        = "Phys. Part. Nucl.",
	volume         = "34",
	year           = "2003",
	pages          = "20-46",
	doi            = "10.1134/S1063779607060068",
	eprint         = "hep-ph/0106221",
	archivePrefix  = "arXiv",
	reportNumber   = "CERN-TH-2001-058",
	SLACcitation   = "%%CITATION = HEP-PH/0106221;%%"
}

@article{RevModPhys.63.597,
	title = {Deep inelastic scattering: Experiments on the proton and the observation of scaling},
	author = {Kendall, Henry W.},
	journal = {Rev. Mod. Phys.},
	volume = {63},
	number = {3},
	pages = {597--614},
	numpages = {0},
	year = {1991},
	month = {7},
	publisher = {American Physical Society},
	doi = {10.1103/RevModPhys.63.597},
	url = {https://link.aps.org/doi/10.1103/RevModPhys.63.597}
}


@article{Altarelli:1996nm,
	author         = "Altarelli, Guido and others",
	title          = "{Determination of the Bjorken sum and strong coupling from polarized structure functions}",
	journal        = "Nucl. Phys. B",
	volume         = "496",
	year           = "1997",
	pages          = "337-357",
	doi            = "10.1016/S0550-3213(97)00201-0",
	eprint         = "hep-ph/9701289",
	archivePrefix  = "arXiv",
	reportNumber   = "CERN-TH-96-345, DFTT-77-96, EDINBURGH-96-29, GEF-TH-22-96",
	SLACcitation   = "%%CITATION = HEP-PH/9701289;%%"
}

@article{Kim:1998kia,
	author         = "Kim, J. H. and others",
	title          = "{A Measurement of $\alpha_s (Q^2)$ from the Gross-Llewellyn Smith sum rule}",
	journal        = "Phys. Rev. Lett.",
	volume         = "81",
	year           = "1998",
	pages          = "3595-3598",
	doi            = "10.1103/PhysRevLett.81.3595",
	eprint         = "hep-ex/9808015",
	archivePrefix  = "arXiv",
	SLACcitation   = "%%CITATION = HEP-EX/9808015;%%"
}

@article{Deur:2014vea,
	author         = "Deur, A. and Prok, Y. and Burkert, V. and Crabb, D. and Girod, F. -X. and Griffioen, K. A. and Guler, N. and Kuhn, S. E. and Kvaltine, N.",
	title          = "{High precision determination of the $Q^2$ evolution of the Bjorken Sum}",
	journal        = "Phys. Rev. D",
	volume         = "90",
	year           = "2014",
	number         = "1",
	pages          = "012009",
	doi            = "10.1103/PhysRevD.90.012009",
	eprint         = "1405.7854",
	archivePrefix  = "arXiv",
	primaryClass   = "nucl-ex",
	reportNumber   = "JLAB-PHY-14-1887",
	SLACcitation   = "%%CITATION = ARXIV:1405.7854;%%"
}

@article{Beringer:1481544,
	author        = "{Particle Data Group}",
	title          = "{Review of Particle Physics}",
	collaboration  = "Particle Data Group",
	journal        = "Phys. Rev. D",
	volume         = "86",
	year           = "2012",
	pages          = "010001",
	doi            = "10.1103/PhysRevD.86.010001",
	reportNumber   = "SLAC-REPRINT-2014-001",
	SLACcitation   = "%%CITATION = PHRVA,D86,010001;%%"
}


@article{Chyla:2004zz,
	author         = "Chyla, Jiri",
	title          = "{Quarks, partons and Quantum Chromodynamics}",
	year           = "2004",
	reportNumber   = "PRA-HEP-04-01",
	SLACcitation   = "%%CITATION = PRA-HEP-04-01;%%"
}

@booklet{Capeans:1291633,
	author        = "{ATLAS Collaboration}",
	title          = "{The ATLAS Insertable B-Layer Technical Design Report}",
	collaboration  = "ATLAS",
	note           = "CERN-LHCC-2010-013",
	SLACcitation   = "%%CITATION = CERN-LHCC-2010-013;%%"
}


@online{Christiane:1260465,
	author = "{ATLAS Collaboration}",
	title         = "{The CERN Accelerator Complex}",
	url           = "https://cds.cern.ch/record/1260465",
}

@article{Evans:2008zzb,
	doi = {10.1088/1748-0221/3/08/s08001},
	url = {https://doi.org/10.1088\%2F1748-0221\%2F3\%2F08\%2Fs08001},
	year = 2008,
	publisher = {{IOP} Publishing},
	volume = {3},
	number = {08},
	pages = {S08001--S08001},
	author = {Lyndon Evans and Philip Bryant},
	title = {{LHC} Machine},
	journal = {JINST},
}

@article{LaRosa:2016nbd,
	author         = "{ATLAS Collaboration}",
	title          = "{The ATLAS Insertable B-Layer: from construction to operation}",
	booktitle      = "{Proceedings, 8th International Workshop on Semiconductor Pixel Detectors for Particles and Imaging (PIXEL 2016): Sestri Levante, Italy, September 5-9, 2016}",
	journal        = "JINST",
	volume         = "11",
	year           = "2016",
	number         = "12",
	pages          = "C12036",
	doi            = "10.1088/1748-0221/11/12/C12036",
	eprint         = "1610.01994",
	archivePrefix  = "arXiv",
	primaryClass   = "physics.ins-det",
	SLACcitation   = "%%CITATION = ARXIV:1610.01994;%%"
}

@article{Aaboud:2016yuq,
	author         = "Aaboud, Morad and others",
	title          = "{Measurement of the photon identification efficiencies with the ATLAS detector using LHC Run-1 data}",
	collaboration  = "ATLAS",
	journal        = "Eur. Phys. J. C",
	volume         = "76",
	year           = "2016",
	number         = "12",
	pages          = "666",
	doi            = "10.1140/epjc/s10052-016-4507-9",
	eprint         = "1606.01813",
	archivePrefix  = "arXiv",
	primaryClass   = "hep-ex",
	reportNumber   = "CERN-EP-2016-110",
	SLACcitation   = "%%CITATION = ARXIV:1606.01813;%%"
}

@article{PhysRevC.93.034914,
	title = {Centrality, rapidity, and transverse momentum dependence of isolated prompt photon production in lead-lead collisions at $\sqrtsnn = 2.76$ TeV measured with the ATLAS detector},
	author         = "{ATLAS Collaboration}",
	collaboration = {ATLAS Collaboration},
	journal = {Phys. Rev. C},
	volume = {93},
	number = {3},
	pages = {034914},
	numpages = {28},
	year = {2016},
	month = {3},
	publisher = {American Physical Society},
	doi = {10.1103/PhysRevC.93.034914},
	url = {https://link.aps.org/doi/10.1103/PhysRevC.93.034914}
}


@Article{Barateetal.2000,
	author="{ALEPH Collaboration}",
	title="Measurements of the structure of quark and gluon jets in hadronic Z decays",
	journal="Eur. Phys. J. C",
	year="2000",
	month="10",
	day="01",
	volume="17",
	number="1",
	pages="1--18",
	issn="1434-6052",
	doi="10.1007/s100520000474",
	url="https://doi.org/10.1007/s100520000474"
}



@article{OPAL:1995ab,
	author         = "{OPAL Collaboration}",
	title          = "{A Model independent measurement of quark and gluon jet properties and differences}",
	collaboration  = "OPAL",
	journal        = "Z. Phys. C",
	volume         = "68",
	year           = "1995",
	pages          = "179-202",
	reportNumber   = "CERN-PPE-95-075, CERN-PPE-95-75",
	SLACcitation   = "%%CITATION = ZEPYA,C68,179;%%",
	doi            = "10.1007/BF01566667",
}

@article{photonJetFF,
	title         = "{Measurement of the fragmentation function for photon-tagged jets in $\sqrtsnn = 5.02$ TeV Pb+Pb and $pp$ collisions with the ATLAS detector}",
	institution   = "CERN",
	author         = "{ATLAS Collaboration}",
	collaboration = "ATLAS Collaboration",
	address       = "Geneva",
	number        = "ATLAS-CONF-2017-074",
	address	= {CERN, Geneva},
	month         = "CERN, Geneva, Sep",
	year          = "2017",
	reportNumber  = "ATLAS-CONF-2017-074",
	url           = "https://cds.cern.ch/record/2285812",
}



@article{trk_jet_conf,
	title         = "{Measurement of angular and momentum distributions of charged-particles within and around jets in Pb+Pb and $pp$ collisions at $\sqrtsnn= 5.02$ TeV with ATLAS at the LHC}",
	author         = "{ATLAS Collaboration}",
	institution   = "CERN",
	collaboration = "ATLAS Collaboration",
	address       = "Geneva",
	number        = "ATLAS-CONF-2018-010",
	month         = "CERN, Geneva, May",
	year          = "2018",
	url           = "https://cds.cern.ch/record/2318869",
}

@article{Busza:2018rrf,
	author         = "Busza, Wit and others",
	title          = "{Heavy Ion Collisions: The Big Picture, and the Big Questions}",
	journal        = "Ann. Rev. Nucl. Part. Sci.",
	volume         = "68",
	year           = "2018",
	pages          = "339-376",
	doi            = "10.1146/annurev-nucl-101917-020852",
	eprint         = "1802.04801",
	archivePrefix  = "arXiv",
	primaryClass   = "hep-ph",
	reportNumber   = "MIT-CTP-4892, MIT-CTP/4892",
	SLACcitation   = "%%CITATION = ARXIV:1802.04801;%%"
}

@article{Casalderrey-Solana:2014bpa,
	author         = "Casalderrey-Solana, Jorge and others",
	title          = "{A Hybrid Strong/Weak Coupling Approach to Jet Quenching}",
	journal        = "JHEP",
	volume         = "10",
	year           = "2014",
	pages          = "019",
	doi            = "10.1007/JHEP10(2014)019",
	eprint         = "1405.3864",
	archivePrefix  = "arXiv",
	primaryClass   = "hep-ph",
	reportNumber   = "MIT-CTP-4550, CERN-PH-TH-2014-089, ICCUB-14-051",
	SLACcitation   = "%%CITATION = ARXIV:1405.3864;%%"
}
@article{TheATLAScollaboration:2015jmb,
	author  = "{ATLAS Collaboration}",
	title          = "{Internal structure of jets measured in Pb+Pb and pp collisions with the ATLAS detector at the LHC}",
	year           = "2015",
	note   = "ATLAS-CONF-2015-055",
	url = "https://cds.cern.ch/record/2055676",
	SLACcitation   = "%%CITATION = ATLAS-CONF-2015-055;%%"

}
@article{Aaboud:2017bzv,
	author  = "{ATLAS Collaboration}",
	title          = "{Measurement of jet fragmentation in Pb+Pb and $pp$ collisions at $\sqrtsnn = 2.76$ TeV with the ATLAS detector at the LHC}",
	collaboration  = "ATLAS",
	journal        = "Eur. Phys. J.~C",
	volume         = "77",
	year           = "2017",
	number         = "6",
	pages          = "379",
	doi            = "10.1140/epjc/s10052-017-4915-5",
	eprint         = "1702.00674",
	archivePrefix  = "arXiv",
	primaryClass   = "hep-ex",
	reportNumber   = "CERN-EP-2017-005",
	SLACcitation   = "%%CITATION = ARXIV:1702.00674;%%"
}
@article{Abbiendi:1999pi,
	author         = "{OPAL Collaboration}",
	title          = "{Experimental properties of gluon and quark jets from a point source}",
	collaboration  = "OPAL",
	journal        = "Eur. Phys. J.~C",
	volume         = "11",
	year           = "1999",
	pages          = "217-238",
	doi            = "10.1007/s100520050628",
	eprint         = "hep-ex/9903027",
	archivePrefix  = "arXiv",
	reportNumber   = "CERN-EP-99-028",
	SLACcitation   = "%%CITATION = HEP-EX/9903027;%%"
}
@article{Barate:1998cp,
	author         = "Barate, R. and others",
	title          = "{Measurements of the structure of quark and gluon jets in hadronic Z decays}",
	collaboration  = "ALEPH",
	journal        = "Eur. Phys. J.~C",
	volume         = "17",
	year           = "2000",
	pages          = "1-18",
	doi            = "10.1007/s100520000474",
	reportNumber   = "CERN-EP-98-016, CERN-EP-98-16",
	SLACcitation   = "%%CITATION = EPHJA,C17,1;%%"
}
@article{Aaboud:2017eww,
	author         = "{ATLAS Collaboration}",
	title          = "{Measurement of jet $p_{\mathrm{T}}$ correlations in Pb+Pb and $pp$ collisions at $\sqrtsnn = 2.76 $ TeV with the ATLAS detector}",
	collaboration  = "ATLAS",
	journal        = "Phys. Lett. B",
	volume         = "774",
	year           = "2017",
	pages          = "379-402",
	doi            = "10.1016/j.physletb.2017.09.078",
	eprint         = "1706.09363",
	archivePrefix  = "arXiv",
	primaryClass   = "hep-ex",
	reportNumber   = "CERN-EP-2017-054",
	SLACcitation   = "%%CITATION = ARXIV:1706.09363;%%"
}
@article{Aad:2016oit,
	author         = "{ATLAS Collaboration}",
	title          = "{Measurement of the charged-particle multiplicity inside jets from $\sqrt{s}=8$ TeV $pp$ collisions with the ATLAS detector}",
	collaboration  = "ATLAS",
	journal        = "Eur. Phys. J. C",
	volume         = "76",
	year           = "2016",
	number         = "6",
	pages          = "322",
	doi            = "10.1140/epjc/s10052-016-4126-5",
	eprint         = "1602.00988",
	archivePrefix  = "arXiv",
	primaryClass   = "hep-ex",
	reportNumber   = "CERN-EP-2016-001",
	SLACcitation   = "%%CITATION = ARXIV:1602.00988;%%"

}
@article{Chatrchyan:2011sx,
	author         = "{CMS Collaboration}",
	title          = "{Observation and studies of jet quenching in PbPb collisions at nucleon-nucleon center-of-mass energy = 2.76 TeV}",
	collaboration  = "CMS",
	journal        = "Phys. Rev. C",
	volume         = "84",
	year           = "2011",
	pages          = "024906",
	doi            = "10.1103/PhysRevC.84.024906",
	eprint         = "1102.1957",
	archivePrefix  = "arXiv",
	primaryClass   = "nucl-ex",
	reportNumber   = "CERN-PH-EP-2011-001, CMS-HIN-10-004",
	SLACcitation   = "%%CITATION = ARXIV:1102.1957;%%"
}
@article{Aad:2010bu,
	author         = "{ATLAS Collaboration}",
	title          = "{Observation of a Centrality-Dependent Dijet Asymmetry in Lead-Lead Collisions at $\sqrtsnn=2.76$ TeV with the ATLAS Detector at the LHC}",
	collaboration  = "ATLAS",
	journal        = "Phys. Rev. Lett.",
	volume         = "105",
	year           = "2010",
	pages          = "252303",
	doi            = "10.1103/PhysRevLett.105.252303",
	eprint         = "1011.6182",
	archivePrefix  = "arXiv",
	primaryClass   = "hep-ex",
	SLACcitation   = "%%CITATION = ARXIV:1011.6182;%%"
}
@article{Aad:2015bsa,
	author         = "{ATLAS Collaboration}",
	title          = "{Measurement of the production of neighbouring jets in Pb+Pb collisions at $\sqrtsnn = 2.76$ TeV with the ATLAS detector}",
	collaboration  = "ATLAS",
	journal        = "Phys. Lett. B",
	volume         = "751",
	year           = "2015",
	pages          = "376-395",
	doi            = "10.1016/j.physletb.2015.10.059",
	eprint         = "1506.08656",
	archivePrefix  = "arXiv",
	primaryClass   = "hep-ex",
	reportNumber   = "CERN-PH-EP-2015-143",
	SLACcitation   = "%%CITATION = ARXIV:1506.08656;%%"
}
@article{Chatrchyan:2012gt,
	author         = "{CMS Collaboration}",
	title          = "{Studies of jet quenching using isolated-photon+jet correlations in PbPb and $pp$ collisions at $\sqrtsnn=2.76$ TeV}",
	collaboration  = "CMS",
	journal        = "Phys. Lett. B",
	volume         = "718",
	year           = "2013",
	pages          = "773-794",
	doi            = "10.1016/j.physletb.2012.11.003",
	eprint         = "1205.0206",
	archivePrefix  = "arXiv",
	primaryClass   = "nucl-ex",
	reportNumber   = "CMS-HIN-11-010, CERN-PH-EP-2012-089",
	SLACcitation   = "%%CITATION = ARXIV:1205.0206;%%"
}
@article{Khachatryan:2016odn,
	author         = "{CMS Collaboration}",
	title          = "{Charged-particle nuclear modification factors in PbPb and pPb collisions at $\sqrtsnn = 5.02$ TeV}",
	collaboration  = "CMS",
	journal        = "JHEP",
	volume         = "04",
	year           = "2017",
	pages          = "039",
	doi            = "10.1007/JHEP04(2017)039",
	eprint         = "1611.01664",
	archivePrefix  = "arXiv",
	primaryClass   = "nucl-ex",
	reportNumber   = "CMS-HIN-15-015, CERN-EP-2016-242",
	SLACcitation   = "%%CITATION = ARXIV:1611.01664;%%"
}
@article{Aad:2015wga,
	author         = "{ATLAS Collaboration}",
	title          = "{Measurement of charged-particle spectra in Pb+Pb collisions at $\sqrtsnn =  2.76$ TeV with the ATLAS detector at the LHC}",
	collaboration  = "ATLAS",
	journal        = "JHEP",
	volume         = "09",
	year           = "2015",
	pages          = "050",
	doi            = "10.1007/JHEP09(2015)050",
	eprint         = "1504.04337",
	archivePrefix  = "arXiv",
	primaryClass   = "hep-ex",
	reportNumber   = "CERN-PH-EP-2015-032",
	SLACcitation   = "%%CITATION = ARXIV:1504.04337;%%"
}
@article{Aaboud:2017jcu,
	author         = "{ATLAS Collaboration}",
	title          = "{Jet energy scale measurements and their systematic uncertainties in proton-proton collisions at $\sqrt{s} = 13$ TeV with the ATLAS detector}",
	collaboration  = "ATLAS",
	journal        = "Phys. Rev. D",
	volume         = "96",
	year           = "2017",
	number         = "7",
	pages          = "072002",
	doi            = "10.1103/PhysRevD.96.072002",
	eprint         = "1703.09665",
	archivePrefix  = "arXiv",
	primaryClass   = "hep-ex",
	reportNumber   = "CERN-EP-2017-038",
	SLACcitation   = "%%CITATION = ARXIV:1703.09665;%%"
}
@article{Chien:2015vja,
	author         = "Chien, Yang-Ting and others",
	title          = "{Jet Quenching from QCD Evolution}",
	journal        = "Phys. Rev. D",
	volume         = "93",
	year           = "2016",
	number         = "7",
	pages          = "074030",
	doi            = "10.1103/PhysRevD.93.074030",
	eprint         = "1509.02936",
	archivePrefix  = "arXiv",
	primaryClass   = "hep-ph",
	reportNumber   = "ACFI-T15-13",
	SLACcitation   = "%%CITATION = ARXIV:1509.02936;%%"
}
@article{Kang:2017frl,
	author         = "Kang, Zhong-Bo and others",
	title          = "{Inclusive production of small radius jets in heavy-ion collisions}",
	journal        = "Phys. Lett. B",
	volume         = "769",
	year           = "2017",
	pages          = "242-248",
	doi            = "10.1016/j.physletb.2017.03.067",
	eprint         = "1701.05839",
	archivePrefix  = "arXiv",
	primaryClass   = "hep-ph",
	SLACcitation   = "%%CITATION = ARXIV:1701.05839;%%"
}
@article{Wang:1991hta,
	author         = "Wang, Xin-Nian and Gyulassy, Miklos",
	title          = "{HIJING: A Monte Carlo model for multiple jet production in pp, pA and AA collisions}",
	journal        = "Phys. Rev.~D",
	volume         = "44",
	year           = "1991",
	pages          = "3501-3516",
	doi            = "10.1103/PhysRevD.44.3501",
	reportNumber   = "LBL-31036",
	SLACcitation   = "%%CITATION = PHRVA,D44,3501;%%"
}
@article{Aaboud:2017all,
	author         = "{ATLAS Collaboration}",
	title          = "{Performance of the ATLAS Track Reconstruction Algorithms in Dense Environments in LHC Run 2}",
	collaboration  = "ATLAS",
	journal        = "Eur. Phys. J. C",
	volume         = "77",
	year           = "2017",
	number         = "10",
	pages          = "673",
	doi            = "10.1140/epjc/s10052-017-5225-7",
	eprint         = "1704.07983",
	archivePrefix  = "arXiv",
	primaryClass   = "hep-ex",
	reportNumber   = "CERN-EP-2017-045",
	SLACcitation   = "%%CITATION = ARXIV:1704.07983;%%"
}

@article{Sirunyan:2018jqr,
	author         = "{CMS Collaboration}",
	title          = "{Jet properties in PbPb and pp collisions at $\sqrtsnn = 5.02$ TeV}",
	collaboration  = "CMS",
	journal        = "JHEP",
	volume         = "05",
	year           = "2018",
	pages          = "006",
	doi            = "10.1007/JHEP05(2018)006",
	eprint         = "1803.00042",
	archivePrefix  = "arXiv",
	primaryClass   = "nucl-ex",
	reportNumber   = "CMS-HIN-16-020, CERN-EP-2018-011",
	SLACcitation   = "%%CITATION = ARXIV:1803.00042;%%"
}

@article{Chatrchyan:2013kwa,
	author         = "{CMS Collaboration}",
	title          = "{Modification of jet shapes in PbPb collisions at $\sqrtsnn = 2.76$ TeV}",
	collaboration  = "CMS",
	journal        = "Phys. Lett. B",
	volume         = "730",
	year           = "2014",
	pages          = "243-263",
	doi            = "10.1016/j.physletb.2014.01.042",
	eprint         = "1310.0878",
	archivePrefix  = "arXiv",
	primaryClass   = "nucl-ex",
	reportNumber   = "CERN-PH-EP-2013-189, CMS-HIN-12-002",
	SLACcitation   = "%%CITATION = ARXIV:1310.0878;%%"
}
@article{Spousta:2015fca,
	author         = "Spousta, Martin and Cole, Brian",
	title          = "{Interpreting single jet measurements in \pbpb\ collisions at the LHC}",
	journal        = "Eur. Phys. J.~C",
	volume         = "76",
	year           = "2016",
	number         = "2",
	pages          = "50",
	doi            = "10.1140/epjc/s10052-016-3896-0",
	eprint         = "1504.05169",
	archivePrefix  = "arXiv",
	primaryClass   = "hep-ph",
	SLACcitation   = "%%CITATION = ARXIV:1504.05169;%%"
}
@article{Abelev:2013kqa,
	author         = "{ALICE Collaboration}",
	title          = "{Measurement of charged jet suppression in Pb-Pb collisions at $\sqrtsnn$ = 2.76 TeV}",
	collaboration  = "ALICE",
	journal        = "JHEP",
	volume         = "03",
	year           = "2014",
	pages          = "013",
	doi            = "10.1007/JHEP03(2014)013",
	eprint         = "1311.0633",
	archivePrefix  = "arXiv",
	primaryClass   = "nucl-ex",
	reportNumber   = "CERN-PH-EP-2013-205",
	SLACcitation   = "%%CITATION = ARXIV:1311.0633;%%"
}
@article{Nason:2004rx,
	author         = "Nason, Paolo",
	title          = "{A New method for combining NLO QCD with shower Monte Carlo algorithms}",
	journal        = "JHEP",
	volume         = "11",
	year           = "2004",
	pages          = "040",
	doi            = "10.1088/1126-6708/2004/11/040",
	eprint         = "hep-ph/0409146",
	archivePrefix  = "arXiv",
	reportNumber   = "BICOCCA-FT-04-11",
	SLACcitation   = "%%CITATION = HEP-PH/0409146;%%"
}
@article{Sjostrand:2014zea,
	author         = "Sjostrand, Torborn and others",
	title          = "{An Introduction to PYTHIA 8.2}",
	journal        = "Comput. Phys. Commun.",
	volume         = "191",
	year           = "2015",
	pages          = "159-177",
	doi            = "10.1016/j.cpc.2015.01.024",
	eprint         = "1410.3012",
	archivePrefix  = "arXiv",
	primaryClass   = "hep-ph",
	reportNumber   = "LU-TP-14-36, MCNET-14-22, CERN-PH-TH-2014-190, FERMILAB-PUB-14-316-CD, DESY-14-178, SLAC-PUB-16122",
	SLACcitation   = "%%CITATION = ARXIV:1410.3012;%%"
}

@techreport{ATLAS:2016tor,
	author  = "{ATLAS Collaboration}",
	title          = "{Study of photon-jet momentum correlations in Pb+Pb and $pp$ collisions at $\sqrtsnn = 5.02$ TeV with ATLAS}",
	collaboration  = "ATLAS",
	year           = "2016",
	note           = "ATLAS-CONF-2016-110",
	SLACcitation   = "%%CITATION = ATLAS-CONF-2016-110;%%"
}
@article{Aaboud:2017tql,
	author         = "{ATLAS Collaboration}",
	title          = "{Measurement of longitudinal flow de-correlations in Pb+Pb collisions at $\sqrtsnn = 2.76$ and 5.02 TeV with the ATLAS detector}",
	collaboration  = "ATLAS",
	journal        = "Eur. Phys. J.~C",
	volume         = "78",
	year           = "2018",
	number         = "2",
	pages          = "142",
	doi            = "10.1140/epjc/s10052-018-5605-7",
	eprint         = "1709.02301",
	archivePrefix  = "arXiv",
	primaryClass   = "nucl-ex",
	reportNumber   = "CERN-EP-2017-191",
	SLACcitation   = "%%CITATION = ARXIV:1709.02301;%%"
}

@techreport{ATLAS2014021,
	author = "{ATLAS Collaboration}",
	title = "{ATLAS Run 1 Pythia8 tunes}",
	number        = "ATL-PHYS-PUB-2014-021",
	month         = "CERN, Geneva, Nov",
	year          = "2014",
	url = "https://cds.cern.ch/record/1966419",
}

@article{2015392,
	author         = "{ATLAS Collaboration}",
	title          = "{Centrality and rapidity dependence of inclusive jet production in $\sqrtsnn = 5.02$ TeV \pPb\ collisions with the ATLAS detector}",
	collaboration  = "ATLAS",
	journal        = "Phys. Lett. B",
	volume         = "748",
	year           = "2015",
	pages          = "392-413",
	doi            = "10.1016/j.physletb.2015.07.023",
	eprint         = "1412.4092",
	archivePrefix  = "arXiv",
	primaryClass   = "hep-ex",
	reportNumber   = "CERN-PH-EP-2014-275",
	SLACcitation   = "%%CITATION = ARXIV:1412.4092;%%"
}

@article{Aad:2008zzm,
	author         = "{ATLAS Collaboration}",
	title          = "{The ATLAS Experiment at the CERN Large Hadron Collider}",
	collaboration  = "ATLAS",
	journal        = "JINST",
	volume         = "3",
	pages          = "S08003",
	doi            = "10.1088/1748-0221/3/08/S08003",
	year           = "2008",
	SLACcitation   = "%%CITATION = JINST,3,S08003;%%",
}

@article{Roland:2014jsa,
	author         = "Roland, G. and Safarik, K. and Steinberg, P.",
	title          = "{Heavy-ion collisions at the LHC}",
	journal        = "Prog. Part. Nucl. Phys.",
	volume         = "77",
	year           = "2014",
	pages          = "70-127",
	doi            = "10.1016/j.ppnp.2014.05.001",
	SLACcitation   = "%%CITATION = PPNPD,77,70;%%"
}

@article{Casalderrey-Solana:2016jvj,
	author         = "Casalderrey-Solana, Jorge and others",
	title          = "{Angular Structure of Jet Quenching Within a Hybrid Strong/Weak Coupling Model}",
	journal        = "JHEP",
	volume         = "03",
	year           = "2017",
	pages          = "135",
	doi            = "10.1007/JHEP03(2017)135",
	eprint         = "1609.05842",
	archivePrefix  = "arXiv",
	primaryClass   = "hep-ph",
	reportNumber   = "ICCUB-16-033, CERN-TH-2016-201, MIT-CTP-4830",
	SLACcitation   = "%%CITATION = ARXIV:1609.05842;%%"
}


@article{Hulcher:2017cpt,
	author         = "Hulcher, Zachary and Pablos, Daniel and Rajagopal, Krishna",
	title          = "{Resolution Effects in the Hybrid Strong/Weak Coupling Model}",
	journal        = "JHEP",
	volume         = "03",
	year           = "2018",
	pages          = "010",
	doi            = "10.1007/JHEP03(2018)010",
	eprint         = "1707.05245",
	archivePrefix  = "arXiv",
	primaryClass   = "hep-ph",
	SLACcitation   = "%%CITATION = ARXIV:1707.05245;%%"
}

@article{Khachatryan:2016jfl,
	author         = "{CMS Collaboration}",
	title          = "{Measurement of inclusive jet cross sections in $pp$ and PbPb collisions at $\sqrtsnn= 2.76$ TeV}",
	collaboration  = "CMS",
	journal        = "Phys.~Rev.~C",
	volume         = "96",
	year           = "2017",
	number         = "1",
	pages          = "015202",
	doi            = "10.1103/PhysRevC.96.015202",
	eprint         = "1609.05383",
	archivePrefix  = "arXiv",
	primaryClass   = "nucl-ex",
	reportNumber   = "CMS-HIN-13-005, CERN-EP-2016-217",
	SLACcitation   = "%%CITATION = ARXIV:1609.05383;%%"
}
@article{Ball:2012cx,
	author         = "Ball, Richard D. and others",
	title          = "{Parton distributions with LHC data}",
	journal        = "Nucl. Phys.~B",
	volume         = "867",
	year           = "2013",
	pages          = "244-289",
	doi            = "10.1016/j.nuclphysb.2012.10.003",
	eprint         = "1207.1303",
	archivePrefix  = "arXiv",
	primaryClass   = "hep-ph",
	reportNumber   = "EDINBURGH-2012-08, IFUM-FT-997, FR-PHENO-2012-014, RWTH-TTK-12-25, CERN-PH-TH-2012-037, SFB-CPP-12-47",
	SLACcitation   = "%%CITATION = ARXIV:1207.1303;%%"
}
@article{Cacciari:2008gp,
	author         = "Cacciari, Matteo and Salam, Gavin P. and Soyez, Gregory",
	title          = "{The \antikt\ jet clustering algorithm}",
	journal        = "JHEP",
	volume         = "0804",
	pages          = "063",
	doi            = "10.1088/1126-6708/2008/04/063",
	year           = "2008",
	eprint         = "0802.1189",
	archivePrefix  = "arXiv",
	primaryClass   = "hep-ph",
	reportNumber   = "LPTHE-07-03",
	SLACcitation   = "%%CITATION = ARXIV:0802.1189;%%",
}
@article{Chatrchyan:2014ava,
	author         = "{CMS Collaboration}",
	title          = "{Measurement of jet fragmentation in PbPb and pp collisions at $\sqrtsnn=2.76$ TeV}",
	collaboration  = "CMS",
	journal        = "Phys.~Rev.~C",
	volume         = "90",
	pages          = "024908",
	doi            = "10.1103/PhysRevC.90.024908",
	year           = "2014",
	eprint         = "1406.0932",
	archivePrefix  = "arXiv",
	primaryClass   = "nucl-ex",
	reportNumber   = "CMS-HIN-12-013, CERN-PH-EP-2014-100",
	SLACcitation   = "%%CITATION = ARXIV:1406.0932;%%",
}
@Article{Agostinelli:2002hh,
	author         = "{GEANT4 Collaboration, S. Agostinelli et al.}",
	title          = "{GEANT4: A simulation toolkit}",
	collaboration  = "GEANT4",
	journal        = "Nucl.~Instrum.~Meth.~A",
	volume         = "506",
	pages          = "250-303",
	doi            = "10.1016/S0168-9002(03)01368-8",
	year           = "2003",
	reportNumber   = "SLAC-PUB-9350, FERMILAB-PUB-03-339",
	SLACcitation   = "%%CITATION = NUIMA,A506,250;%%"
}
@article{Adye:2011gm,
	author         = "Adye, Tim",
	title          = "{Unfolding algorithms and tests using RooUnfold}",
	year           = "2011",
	journal        = "PHYSTAT 2009 Workshop Proceedings",
	doi            = "10.5170/CERN-2011-006.313",
	eprint         = "1105.1160",
	archivePrefix  = "arXiv",
	primaryClass   = "physics.data-an",
	SLACcitation   = "%%CITATION = ARXIV:1105.1160;%%"
}
@article{Khachatryan:2016tfj,
	author         = "{CMS Collaboration}",
	title          = "{Decomposing transverse momentum balance contributions for quenched jets in PbPb collisions at $ \sqrtsnn=2.76 $ TeV}",
	collaboration  = "CMS",
	journal        = "JHEP",
	volume         = "11",
	year           = "2016",
	pages          = "055",
	doi            = "10.1007/JHEP11(2016)055",
	eprint         = "1609.02466",
	archivePrefix  = "arXiv",
	primaryClass   = "nucl-ex",
	reportNumber   = "CMS-HIN-15-011, CERN-EP-2016-199",
	SLACcitation   = "%%CITATION = ARXIV:1609.02466;%%"
}
@article{Aad:2010ah,
	author         = "{ATLAS Collaboration}",
	title          = "{The ATLAS Simulation Infrastructure}",
	collaboration  = "ATLAS",
	journal        = "Eur. Phys. J. C",
	volume         = "70",
	pages          = "823-874",
	doi            = "10.1140/epjc/s10052-010-1429-9",
	year           = "2010",
	eprint         = "1005.4568",
	archivePrefix  = "arXiv",
	primaryClass   = "physics.ins-det",
	SLACcitation   = "%%CITATION = ARXIV:1005.4568;%%",
}
@article{Aad:2011he,
	author         = "{ATLAS Collaboration}",
	collaboration  = "ATLAS",
	title          = "{Jet energy measurement with the ATLAS detector in proton-proton collisions at $\sqrt{s}=7$ TeV}",
	journal        = "Eur. Phys. J.~C",
	volume         = "73",
	year           = "2013",
	pages          = "2304",
	doi            = "10.1140/epjc/s10052-013-2304-2",
	eprint         = "1112.6426",
	archivePrefix  = "arXiv",
	primaryClass   = "hep-ex",
	reportNumber   = "CERN-PH-EP-2011-191",
	SLACcitation   = "%%CITATION = ARXIV:1112.6426;%%"
}
@article{Aad:2012ag,
	author         = "{ATLAS Collaboration}",
	title          = "{Jet energy resolution in proton-proton collisions at $\sqrt{s}=7$ TeV recorded in 2010 with the ATLAS detector}",
	collaboration  = "ATLAS",
	journal        = "Eur.~Phys.~J.~C",
	volume         = "73",
	pages          = "2306",
	doi            = "10.1140/epjc/s10052-013-2306-0",
	year           = "2013",
	eprint         = "1210.6210",
	archivePrefix  = "arXiv",
	primaryClass   = "hep-ex",
	reportNumber   = "CERN-PH-EP-2012-191",
	SLACcitation   = "%%CITATION = ARXIV:1210.6210;%%",
}

@techreport{HIjesnote,
	author         = "{ATLAS Collaboration}",
	title          = "{Jet energy scale and its uncertainty for jets reconstructed using the ATLAS heavy ion jet algorithm}",
	collaboration  = "ATLAS",
	year           = "2015",
	note           = "ATLAS-CONF-2015-016",
	SLACcitation   = "%%CITATION = ATLAS-CONF-2015-016;%%",
	url            = "https://cds.cern.ch/record/1989726",
}


@article{JERConfNote,
	author         = "{ATLAS Collaboration}",
title          = "{Data-driven determination of the energy scale and resolution of jets reconstructed in the ATLAS calorimeters using dijet and multijet events at $\sqrt{s} = 8$ ~TeV$}",
	note           = "ATLAS-CONF-2015-017",
	reportNumber   = "ATLAS-CONF-2015-017, ATLAS-COM-CONF-2014-068",
	url            = "https://cds.cern.ch/record/2008678",
	SLACcitation   = "%%CITATION = ATLAS-CONF-2015-017 ETC.;%%",
	year = "2015"
}
@article{Run2jetpubnote,
	author = "{ATLAS Collaboration}",
	title = "Jet calibration and systematic uncertainties for jets reconstructed in the ATLAS detector at $\sqrt{s}=13$~TeV",
	note = "ATLAS-PHYS-PUB-2015-015",
	url = "https://cds.cern.ch/record/2037613",
	year = "2015"
}
@article{DAgostini:1994zf,
	author         = "D'Agostini, G.",
	title          = "{A Multidimensional unfolding method based on Bayes' theorem}",
	journal        = "Nucl.~Instrum.~Meth.~A",
	volume         = "362",
	pages          = "487-498",
	doi            = "10.1016/0168-9002(95)00274-X",
	year           = "1995",
	reportNumber   = "DESY-94-099",
	SLACcitation   = "%%CITATION = NUIMA,A362,487;%%",
}

@article{Aad:2014wha,
	author         = "{ATLAS Collaboration}",
	title          = "{Measurement of inclusive jet charged-particle fragmentation functions in Pb+Pb collisions at $\sqrtsnn = 2.76$ TeV with the ATLAS detector}",
	collaboration  = "ATLAS",
	journal        = "Phys.~Lett.~B",
	volume         = "739",
	pages          = "320-342",
	doi            = "10.1016/j.physletb.2014.10.065",
	year           = "2014",
	eprint         = "1406.2979",
	archivePrefix  = "arXiv",
	primaryClass   = "hep-ex",
	reportNumber   = "CERN-PH-EP-2014-101",
	SLACcitation   = "%%CITATION = ARXIV:1406.2979;%%",
}
@article{Aad:2014bxa,
	author         = "{ATLAS Collaboration}",
	title          = "{Measurements of the Nuclear Modification Factor for Jets in Pb+Pb Collisions at $\sqrtsnn = 2.76$ TeV with the ATLAS Detector}",
	collaboration  = "ATLAS",
	journal        = "Phys.~Rev.~Lett.",
	volume         = "114",
	pages          = "072302",
	doi            = "10.1103/PhysRevLett.114.072302",
	year           = "2015",
	eprint         = "1411.2357",
	archivePrefix  = "arXiv",
	primaryClass   = "hep-ex",
	reportNumber   = "CERN-PH-EP-2014-172",
	SLACcitation   = "%%CITATION = ARXIV:1411.2357;%%",
}

@article{Aad:2014bia,
	author         = "{ATLAS Collaboration}",
	title          = "{Jet energy measurement and its systematic uncertainty in proton-proton collisions at $\sqrt{s}=7$ TeV with the ATLAS detector}",
	collaboration  = "ATLAS",
	journal        = "Eur. Phys. J.~C",
	volume         = "75",
	year           = "2015",
	pages          = "17",
	doi            = "10.1140/epjc/s10052-014-3190-y",
	eprint         = "1406.0076",
	archivePrefix  = "arXiv",
	primaryClass   = "hep-ex",
	reportNumber   = "CERN-PH-EP-2013-222",
	SLACcitation   = "%%CITATION = ARXIV:1406.0076;%%"
}

@article{Aaboud:2017tke,
	author         = "{ATLAS Collaboration}",
	title          = "{Measurement of jet fragmentation in 5.02 TeV proton-lead and proton-proton collisions with the ATLAS detector}",
	collaboration  = "ATLAS",
	journal        = "Nucl. Phys. A",
	volume         = "978",
	year           = "2018",
	pages          = "65",
	doi            = "10.1016/j.nuclphysa.2018.07.006",
	eprint         = "1706.02859",
	archivePrefix  = "arXiv",
	primaryClass   = "hep-ex",
	reportNumber   = "CERN-EP-2017-065",
	SLACcitation   = "%%CITATION = ARXIV:1706.02859;%%"
}

@article{Blaizot:2014ula,
	author         = "Blaizot, Jean-Paul and others",
	title          = "{Angular structure of the in-medium QCD cascade}",
	journal        = "Phys. Rev. Lett.",
	volume         = "114",
	year           = "2015",
	number         = "22",
	pages          = "222002",
	doi            = "10.1103/PhysRevLett.114.222002",
	eprint         = "1407.0326",
	archivePrefix  = "arXiv",
	primaryClass   = "hep-ph",
	SLACcitation   = "%%CITATION = ARXIV:1407.0326;%%"
}

@article{Qin:2015srf,
	author = {Qin, Guang-You and Wang, Xin-Nian},
	title = {Jet quenching in high-energy heavy-ion collisions},
	journal = {Int. J. Mod. Phys.~E},
	volume = {24},
	number = {11},
	pages = {1530014},
	year = {2015},
	doi = {10.1142/S0218301315300143},
	url = {https://doi.org/10.1142/S0218301315300143},
	eprint         = "1511.00790",
	archivePrefix  = "arXiv",
	primaryClass   = "hep-ph",
}




@article{ATLAS:2012at,
	author         = "{ATLAS Collaboration}",
	title          = "{Measurement of the azimuthal anisotropy for charged particle production in $\sqrtsnn=2.76$ TeV lead-lead collisions with the ATLAS detector}",
	collaboration  = "ATLAS",
	journal        = "Phys. Rev.~C",
	volume         = "86",
	year           = "2012",
	pages          = "014907",
	doi            = "10.1103/PhysRevC.86.014907",
	eprint         = "1203.3087",
	archivePrefix  = "arXiv",
	primaryClass   = "hep-ex",
	reportNumber   = "CERN-PH-EP-2012-035",
	SLACcitation   = "%%CITATION = ARXIV:1203.3087;%%"
}


@techreport{ATLAS-CONF-2017-012,
	author = "{ATLAS Collaboration}",
	title         = "{Measurement of nuclear modification factor \RAA\ in \PbPb\ collisions at $\sqrtsnn=5.02$ TeV with the ATLAS detector at the LHC}",
	collaboration = "ATLAS Collaboration",
	note          = "ATLAS-CONF-2017-012",
	url           = "https://cds.cern.ch/record/2244824",
}


@article{2019108,
	title = "Measurement of the nuclear modification factor for inclusive jets in Pb+Pb collisions at $\sqrtsnn=5.02$ TeV with the ATLAS detector",
	author = "{ATLAS Collaboration}",
	collaboration  = "ATLAS",
	journal        = "Phys. Lett. B",
	volume         = "790",
	year           = "2019",
	pages          = "108-128",
	doi            = "10.1016/j.physletb.2018.10.076",
	eprint         = "1805.05635",
	archivePrefix  = "arXiv",
	primaryClass   = "nucl-ex",
	reportNumber   = "CERN-EP-2018-105",
	SLACcitation   = "%%CITATION = ARXIV:1805.05635;%%"
}


@article{2019167,
	author         = "{ATLAS Collaboration}",
	title          = "{Measurement of photon–jet transverse momentum correlations in 5.02 TeV \pbpb\ and $pp$ collisions with ATLAS}",
	collaboration  = "ATLAS",
	journal        = "Phys. Lett. B",
	volume         = "789",
	year           = "2019",
	pages          = "167-190",
	doi            = "10.1016/j.physletb.2018.12.023",
	eprint         = "1809.07280",
	archivePrefix  = "arXiv",
	primaryClass   = "nucl-ex",
	reportNumber   = "CERN-EP-2018-196",
	SLACcitation   = "%%CITATION = ARXIV:1809.07280;%%"
}

@online{twiki_MC15c,
	author = "{ATLAS Collaboration}",
	title = "ATLAS Production Group",
	url = "{https://twiki.cern.ch/twiki/bin/view/AtlasProtected/AtlasProductionGroupMC15c}"
}

@article{antikt_algo,
	archivePrefix = {arXiv},
	author = {Cacciari, Matteo and Salam, Gavin P. and Soyez, Gregory},
	doi = {10.1088/1126-6708/2008/04/063},
	eprint = {0802.1189},
	journal = {JHEP},
	title = {{The Anti-k(t) jet clustering algorithm}},
	pages = {063},
	primaryClass = {hep-ph},
	reportNumber = {LPTHE-07-03},
	SLACcitation = {%%CITATION = ARXIV:0802.1189;%%},
	volume = {0804},
	year = {2008},
}

@article{fastjet_algo,
	author         = "Cacciari, Matteo and Salam, Gavin P. and Soyez, Gregory",
	title          = "{FastJet User Manual}",
	journal        = "Eur. Phys. J. C",
	volume         = "72",
	year           = "2012",
	pages          = "1896",
	doi            = "10.1140/epjc/s10052-012-1896-2",
	eprint         = "1111.6097",
	archivePrefix  = "arXiv",
	primaryClass   = "hep-ph",
	reportNumber   = "CERN-PH-TH-2011-297",
	SLACcitation   = "%%CITATION = ARXIV:1111.6097;%%"
}

@article{pp_pileup_subtr,
	author         = "{ATLAS Collaboration}",
	title          = "{Pile-up subtraction and suppression for jets in ATLAS}",
	collaboration  = "ATLAS",
	year           = "2013",
	reportNumber   = "ATLAS-CONF-2013-083",
	SLACcitation   = "%%CITATION = ATLAS-CONF-2013-083;%%"
}


@online{CalibReco,
	author = "{ATLAS Collaboration}",
	title = {Jet \Etmiss\ Recommendations},
	url = {https://twiki.cern.ch/twiki/bin/view/AtlasProtected/JetEtmissRecommendations2016}
}


@online{HICalib,
	author = "{ATLAS Collaboration}",
	title = {Heavy Ion Run II JES},
	url = {https://twiki.cern.ch/twiki/bin/view/AtlasProtected/HIRun2JES},
}


@unpublished{brian_note,
	title        =  "{Private discussion with Brian Cole}",
}


@online{MillenniumProb,
	author = {Jaffe, Arthur and Witten, Edward},
	title = {Yang-Mills and Mass Gap},
	url = {http://www.claymath.org/millennium-problems/yang–mills-and-mass-gap},
}


@online{perfPlots,
	author = "{ATLAS Collaboration}",
	title = "Performance plots for \pp\ and \pbpb\ collisions at $\sqrtsnn = 5.02$ TeV",
	url = {https://atlas.web.cern.ch/Atlas/GROUPS/PHYSICS/PLOTS/HION-2015-001/},
}


@online{atlasRun1EventDisplay,
	author = "{ATLAS Collaboration}",
	title = "ATLAS Event Displays from 2010 Heavy Ion Collisions",
	url = {https://twiki.cern.ch/twiki/bin/view/AtlasPublic/EventDisplayHeavyIonCollisions},
}

@online{JERTool,
	author = "{ATLAS Collaboration}",
	title = {Jet Resolution Recommendations},
	url = {https://twiki.cern.ch/twiki/bin/viewauth/AtlasProtected/JetResolution2015Prerecom},
}

@article{Nachman:2259091,
	author         = "{ATLAS Collaboration}",
	title          = "{Properties of jet fragmentation using charged particles measured with the ATLAS detector in $pp$ collisions at $\sqrt{s}=13$ TeV}",
	collaboration  = "ATLAS",
	year           = "2019",
	eprint         = "1906.09254",
	archivePrefix  = "arXiv",
	primaryClass   = "hep-ex",
	reportNumber   = "CERN-EP-2019-090",
	SLACcitation   = "%%CITATION = ARXIV:1906.09254;%%"
}


@booklet{Choudalakis:1248716,
	author        = "Choudalakis, Georgios and Spousta, Martin",
	title         = "{Characteristic dip in average transverse energy density and multiplicity around the axis of Anti-kT jets}",
	note        = "ATL-COM-PHYS-2010-139",
	reportNumber  = "ATL-COM-PHYS-2010-139",
	url           = "https://cds.cern.ch/record/1248716",
}


@article{PhysRevC.98.024908,
	author         = "{ATLAS Collaboration}",
	title          = "{Measurement of jet fragmentation in \pbpb\ and $pp$ collisions at $\sqrtsnn = 5.02$ TeV with the ATLAS detector}",
	collaboration  = "ATLAS",
	journal        = "Phys. Rev. C",
	volume         = "98",
	year           = "2018",
	number         = "2",
	pages          = "024908",
	doi            = "10.1103/PhysRevC.98.024908",
	eprint         = "1805.05424",
	archivePrefix  = "arXiv",
	primaryClass   = "nucl-ex",
	reportNumber   = "CERN-EP-2018-096",
	SLACcitation   = "%%CITATION = ARXIV:1805.05424;%%"
}

@article{ATLAS276FFConf,
	author         = "{ATLAS Collaboration}",
	title          = "{Measurement of jet fragmentation in Pb+Pb and $pp$ collisions at $\sqrtsnn = 2.76$ TeV with the ATLAS detector at the LHC}",
	collaboration  = "ATLAS",
	journal        = "Eur. Phys. J. C",
	volume         = "77",
	year           = "2017",
	number         = "6",
	pages          = "379",
	doi            = "10.1140/epjc/s10052-017-4915-5",
	eprint         = "1702.00674",
	archivePrefix  = "arXiv",
	primaryClass   = "hep-ex",
	reportNumber   = "CERN-EP-2017-005",
	SLACcitation   = "%%CITATION = ARXIV:1702.00674;%%"
}

@online{HIdataderviation,
	author = "{ATLAS Collaboration}",
	title = "{HI Jet Derivations}",
	url = "https://twiki.cern.ch/twiki/bin/view/AtlasProtected/HIRun2JetDFRecoDatasets"
}

@online{HITMF,
	author = "{ATLAS Collaboration}",
	title = "ATLAS HI Trigger",
	url = "{https://twiki.cern.ch/twiki/bin/view/AtlasProtected/TrigHIRecommendedTriggers2015}",
}


@online{2015EventCleaning,
	author = "{ATLAS Collaboration}",
	title = "xAOD Analysis",
	url = "{https://twiki.cern.ch/twiki/bin/view/AtlasComputing/SoftwareTutorialxAODAnalysisInROOT}",
}

@online{HIAnalysisTools,
	author = "{ATLAS Collaboration}",
	title = "Heavy Ion Analysis Tools",
	url = "https://twiki.cern.ch/twiki/bin/view/Main/HIAnalysisTools"
}


@booklet{cc2015,
	author        = "Puri, Akshat",
	title         = "{Cross calibration factors and their uncertainties for application to 2015 heavy ion jets}",
	note          = "ATL-COM-PHYS-2016-1253",
	reportNumber  = "ATL-COM-PHYS-2016-1253",
	url           = "https://cds.cern.ch/record/2211758",
}



@online{ref:tracktwiki,
	author = "{ATLAS Collaboration}",
	title = "Tracking Recommendations for ICHEP 2016",
	url = "https://twiki.cern.ch/twiki/bin/view/AtlasProtected/TrackingCPICHEP2016"
}

@booklet{Bold:2194917,
	author        = "Bold, Tomasz and Grabowska-Bold, Iwona and Janus, Piotr Andrzej and Kremer, Jakub Andrzej and Przybycien, Mariusz",
	title         = "{Measurement of W boson production in Pb+Pb collisions at $\sqrtsnn = 5.02$ TeV - Supporting Note}",
	note        = "ATL-COM-PHYS-2016-828",
	reportNumber  = "ATL-COM-PHYS-2016-828",
	url           = "https://cds.cern.ch/record/2194917",
}

@article{201865,
	author         = "{ATLAS Collaboration}",
	title          = "{Measurement of jet fragmentation in 5.02 TeV proton-lead and proton-proton collisions with the ATLAS detector}",
	collaboration  = "ATLAS",
	journal        = "Nucl. Phys. A",
	volume         = "978",
	year           = "2018",
	pages          = "65",
	doi            = "10.1016/j.nuclphysa.2018.07.006",
	eprint         = "1706.02859",
	archivePrefix  = "arXiv",
	primaryClass   = "hep-ex",
	reportNumber   = "CERN-EP-2017-065",
	SLACcitation   = "%%CITATION = ARXIV:1706.02859;%%"
}



@booklet{ATLAS-COM-PHYS-2012-1653,
	author = "Cole, B. and Spousta, M. and Angerami, A. and Perepelitsa, D. and Kosek, T. and Balek, P. and Rybar, M. and Santos, H.",
	title = "Supporting note for measurement of inclusive jet charged particle fragmentation functions in Pb+Pb collisions",
	note = "ATL-COM-PHYS-2012-1653"
}

@online{TrackingRecRun1,
	author = "{ATLAS Collaboration}",
	title = "Tracking Recommendations for Run I",
	url = "https://twiki.cern.ch/twiki/bin/view/AtlasProtected/TrackingCPMC12"
}

@article{ATLAS:2015oia,
	author         = "{ATLAS collaboration}",
	title          = "{Jet global sequential corrections with the ATLAS detector in proton-proton collisions at sqrt(s) = 8 TeV}",
	year           = "2015",
	reportNumber   = "ATLAS-CONF-2015-002",
	url = "https://cds.cern.ch/record/2001682",
	SLACcitation   = "%%CITATION = ATLAS-CONF-2015-002;%%"
}


@article{D'Agostini:1994zf,
	author         = "D'Agostini, G.",
	title          = "{A Multidimensional unfolding method based on Bayes' theorem}",
	journal        = "Nucl. Instrum. Meth. A",
	volume         = "362",
	pages          = "487-498",
	doi            = "10.1016/0168-9002(95)00274-X",
	year           = "1995",
	reportNumber   = "DESY-94-099",
	SLACcitation   = "%%CITATION = NUIMA,A362,487;%%",
}


@online{JESuncertaintytwiki,
	author = "{ATLAS Collaboration}",
	title = "JES Uncertainties 2015",
	url = "https://twiki.cern.ch/twiki/bin/view/AtlasProtected/JetUncertainties2015ICHEP2016"
}


@booklet{pPbIntNote,
	author = "Rybar, M and Sickles, A and Puri, A and Angerami, A and Cole, B and Kosek, T and Santos, H and Spousta, M",
	title = "Jet Fragmentation in p+Pb Collisions",
	note = "ATL-COM-PHYS-2015-216",
	url = "https://cds.cern.ch/record/2005223",
}


@online{JERUncertaintyProviderRun2,
	author = "{ATLAS Collaboration}",
	title = "JER Uncertainty Provider",
	url = "https://twiki.cern.ch/twiki/bin/view/AtlasProtected/JetEnergyResolutionProvider",
}

@booklet{Aad:1696485,
	author        = "Angerami, Aaron and Cole, Brian and Kosek, T and Perepelitsa, D and Rybar, M and Santos, H and Spousta, M",
	note          = "ATL-COM-PHYS-2014-329",
	title         = "{Jet energy scale determination for heavy ion jet reconstruction: JES for HI jets}",
	number        = "ATL-COM-PHYS-2014-329",
	reportNumber  = "ATL-COM-PHYS-2014-329",
	url           = "https://cds.cern.ch/record/1696485",

}


@online{TrackingRec,
	author = "{ATLAS Collaboration}",
	title = "Tracking Recommendations for ICHEP 2016",
	url = "https://twiki.cern.ch/twiki/bin/view/AtlasProtected/TrackingCPICHEP2016"
}



@booklet{ATLAS-COM-PHYS-2011-1733,
	author         = "Angerami, Aaron and Cole, Brian and Perepelitsa, D and Balek, P and Kosek, T and Rybar, M and Spousta, M and Galan, A and Santos, H",
	title          = "Performance of Jet Reconstruction in Heavy Ion Collisions",
	note   = "ATL-PHYS-INT-2012-058",
	url            = "{https://cds.cern.ch/record/1462582}",
}


@book{calorimetry_book,
	author    = "Wigmans, Richard",
	title     = "Modern Particle Physics",
	publisher = "Oxford University Press",
	year      = "2000",
	address   = "Oxford, UK"
}

@article{Adam:2015ewa,
	author         = "{ALICE Collaboration}",
	title          = "{Measurement of jet suppression in central Pb-Pb collisions at $\sqrtsnn = 2.76$ TeV}",
	collaboration  = "ALICE",
	journal        = "Phys. Lett. B",
	volume         = "746",
	year           = "2015",
	pages          = "1-14",
	doi            = "10.1016/j.physletb.2015.04.039",
	eprint         = "1502.01689",
	archivePrefix  = "arXiv",
	primaryClass   = "nucl-ex",
	reportNumber   = "CERN-PH-EP-2015-023",
	SLACcitation   = "%%CITATION = ARXIV:1502.01689;%%"
}

@article{Aad:2011sc,
	author         = "{ATLAS Collaboration}",
	title          = "{Measurement of the jet fragmentation function and transverse profile in proton-proton collisions at a center-of-mass energy of $7$ TeV with the ATLAS detector}",
	collaboration  = "ATLAS",
	journal        = "Eur.~Phys.~J.~C",
	volume         = "71",
	year           = "2011",
	pages          = "1795",
	doi            = "10.1140/epjc/s10052-011-1795-y",
	eprint         = "1109.5816",
	archivePrefix  = "arXiv",
	primaryClass   = "hep-ex",
	reportNumber   = "CERN-PH-EP-2011-148",
	SLACcitation   = "%%CITATION = ARXIV:1109.5816;%%"
}

@article{Acharya:2018uvf,
	author         = "{ALICE Collaboration}",
	title          = "{Medium modification of the shape of small-radius jets in central Pb-Pb collisions at $\sqrtsnn = 2.76 $ TeV}",
	collaboration  = "ALICE",
	journal        = "JHEP",
	volume         = "10",
	year           = "2018",
	pages          = "139",
	doi            = "10.1007/JHEP10(2018)139",
	eprint         = "1807.06854",
	archivePrefix  = "arXiv",
	primaryClass   = "nucl-ex",
	reportNumber   = "CERN-EP-2018-201",
	SLACcitation   = "%%CITATION = ARXIV:1807.06854;%%"
}

@article{Chatrchyan:2012mec,
	author         = "{CMS Collaboration}",
	title          = "{Shape, transverse size, and charged-hadron multiplicity of jets in pp collisions at $\sqrt{s}=7$ TeV}",
	collaboration  = "{CMS Collaboration}",
	journal        = "JHEP",
	volume         = "06",
	year           = "2012",
	pages          = "160",
	doi            = "10.1007/JHEP06(2012)160",
	eprint         = "1204.3170",
	archivePrefix  = "arXiv",
	primaryClass   = "hep-ex",
	reportNumber   = "CMS-QCD-10-029, CERN-PH-EP-2012-079",
	SLACcitation   = "%%CITATION = ARXIV:1204.3170;%%"
}

@article{Vitev:2008rz,
	author         = "Vitev, Ivan and Wicks, Simon and Zhang, Ben-Wei",
	title          = "{A theory of jet shapes and cross sections: from hadrons to nuclei}",
	journal        = "JHEP",
	volume         = "11",
	year           = "2008",
	pages          = "093",
	doi            = "10.1088/1126-6708/2008/11/093",
	eprint         = "0810.2807",
	archivePrefix  = "arXiv",
	primaryClass   = "hep-ph",
	SLACcitation   = "%%CITATION = ARXIV:0810.2807;%%"
}

@article{Ovanesyan:2011xy,
	author         = "Ovanesyan, Grigory and Vitev, Ivan",
	title          = "{An effective theory for jet propagation in dense QCD matter: jet broadening and medium-induced bremsstrahlung}",
	journal        = "JHEP",
	volume         = "06",
	year           = "2011",
	pages          = "080",
	doi            = "10.1007/JHEP06(2011)080",
	eprint         = "1103.1074",
	archivePrefix  = "arXiv",
	primaryClass   = "hep-ph",
	SLACcitation   = "%%CITATION = ARXIV:1103.1074;%%"
}

@article{Escobedo:2016jbm,
	author         = "Escobedo, Miguel A. and Iancu, Edmond",
	title          = "{Event-by-event fluctuations in the medium-induced jet evolution}",
	journal        = "JHEP",
	volume         = "05",
	year           = "2016",
	pages          = "008",
	doi            = "10.1007/JHEP05(2016)008",
	eprint         = "1601.03629",
	archivePrefix  = "arXiv",
	primaryClass   = "hep-ph",
	SLACcitation   = "%%CITATION = ARXIV:1601.03629;%%"
}

@booklet{Puri:2304504,
	author        = "Puri, Akshat and Rybar, Martin and Sickles, Anne Marie",
	title         = "{Correlations between jets and charged particles in Pb+Pb Collisions at 5.02 TeV}",
	note        = "ATL-COM-PHYS-2018-130",
	reportNumber  = "ATL-COM-PHYS-2018-130",
	url           = "https://cds.cern.ch/record/2304504",
}
